<?xml version="1.0" encoding="UTF-8"?>
<!DOCTYPE html PUBLIC "-//W3C//DTD XHTML 1.0 Transitional//EN"
    "http://www.w3.org/TR/xhtml1/DTD/xhtml1-transitional.dtd">
<html xmlns="http://www.w3.org/1999/xhtml" xml:lang="en" lang="en">
 <head>
  <title>
</title>
<meta http-equiv="Content-Type" content="text/html;charset=utf-8" />
  <meta name='ocr-system' content='tesseract 3.04.00' />
  <meta name='ocr-capabilities' content='ocr_page ocr_carea ocr_par ocr_line ocrx_word'/>
</head>
<body>
  <div class='ocr_page' id='page_1' title='image "./lectionesdiodor00krebgoog_0270.png"; bbox 0 0 2288 4208; ppageno 0'>
   <div class='ocr_carea' id='block_1_1' title="bbox 927 287 1088 386">
    <p class='ocr_par' dir='ltr' id='par_1_1' title="bbox 927 287 1088 386">
     <span class='ocr_line' id='line_1_1' title="bbox 927 287 1088 386; baseline -0.025 -22"><span class='ocrx_word' id='word_1_1' title='bbox 927 287 1088 386; x_wconf 60' lang='lat' dir='ltr'><strong>xaar</strong></span> 
     </span>
    </p>
   </div>
   <div class='ocr_carea' id='block_1_2' title="bbox 77 486 1135 3757">
    <p class='ocr_par' dir='ltr' id='par_1_2' title="bbox 77 486 1135 3757">
     <span class='ocr_line' id='line_1_2' title="bbox 138 486 1067 575; baseline -0.002 -22"><span class='ocrx_word' id='word_1_2' title='bbox 138 486 271 575; x_wconf 80' lang='lat' dir='ltr'><strong>„probe</strong></span> <span class='ocrx_word' id='word_1_3' title='bbox 303 491 375 563; x_wconf 67' lang='lat' dir='ltr'><strong>«lae,</strong></span> <span class='ocrx_word' id='word_1_4' title='bbox 408 492 601 560; x_wconf 76' lang='lat' dir='ltr'>Perizonius</span> <span class='ocrx_word' id='word_1_5' title='bbox 627 491 668 558; x_wconf 84' lang='lat' dir='ltr'><strong>ad</strong></span> <span class='ocrx_word' id='word_1_6' title='bbox 692 489 820 574; x_wconf 70' lang='lat' dir='ltr'><strong>Aelian-</strong></span> <span class='ocrx_word' id='word_1_7' title='bbox 850 489 937 563; x_wconf 79' lang='lat' dir='ltr'><strong>llisa.</strong></span> <span class='ocrx_word' id='word_1_8' title='bbox 971 487 1067 557; x_wconf 76' lang='lat' dir='ltr'><strong>Ver..</strong></span> 
     </span>
     <span class='ocr_line' id='line_1_3' title="bbox 135 585 1050 684; baseline 0.007 -30"><span class='ocrx_word' id='word_1_9' title='bbox 135 590 237 673; x_wconf 83' lang='lat' dir='ltr'>,‚1x,</span> <span class='ocrx_word' id='word_1_10' title='bbox 264 595 333 677; x_wconf 70' lang='lat'><strong>24,</strong></span> <span class='ocrx_word' id='word_1_11' title='bbox 361 585 568 684; x_wconf 74' lang='lat' dir='ltr'><strong>perspexit.“</strong></span> <span class='ocrx_word' id='word_1_12' title='bbox 608 596 777 667; x_wconf 78' lang='lat' dir='ltr'><strong>Invenitur</strong></span> <span class='ocrx_word' id='word_1_13' title='bbox 803 594 887 660; x_wconf 86' lang='lat' dir='ltr'><strong>enim</strong></span> <span class='ocrx_word' id='word_1_14' title='bbox 914 603 946 658; x_wconf 90' lang='lat' dir='ltr'><strong>ct</strong></span> <span class='ocrx_word' id='word_1_15' title='bbox 969 594 1050 660; x_wconf 84' lang='lat' dir='ltr'><strong>baec</strong></span> 
     </span>
     <span class='ocr_line' id='line_1_4' title="bbox 133 692 1050 785; baseline 0.003 -27"><span class='ocrx_word' id='word_1_16' title='bbox 133 692 177 758; x_wconf 75' lang='lat' dir='ltr'><strong>de</strong></span> <span class='ocrx_word' id='word_1_17' title='bbox 199 692 422 783; x_wconf 66' lang='lat' dir='ltr'><strong>Sybaritarum</strong></span> <span class='ocrx_word' id='word_1_18' title='bbox 445 699 573 764; x_wconf 87' lang='lat' dir='ltr'><strong>luxuria</strong></span> <span class='ocrx_word' id='word_1_19' title='bbox 594 699 735 765; x_wconf 86' lang='lat' dir='ltr'><strong>narratio</strong></span> <span class='ocrx_word' id='word_1_20' title='bbox 757 707 788 762; x_wconf 88' lang='lat' dir='ltr'><strong>et</strong></span> <span class='ocrx_word' id='word_1_21' title='bbox 807 697 912 785; x_wconf 83' lang='lat' dir='ltr'><strong>prime</strong></span> <span class='ocrx_word' id='word_1_22' title='bbox 936 699 1050 762; x_wconf 83' lang='lat' dir='ltr'><strong>barum</strong></span> 
     </span>
     <span class='ocr_line' id='line_1_5' title="bbox 77 794 1062 890; baseline 0.009 -32"><span class='ocrx_word' id='word_1_23' title='bbox 77 832 81 839; x_wconf 89' lang='lat'>·</span> <span class='ocrx_word' id='word_1_24' title='bbox 132 798 352 866; x_wconf 72' lang='lat' dir='ltr'><strong>narrationum</strong></span> <span class='ocrx_word' id='word_1_25' title='bbox 391 824 480 890; x_wconf 84' lang='lat' dir='ltr'><strong>paene</strong></span> <span class='ocrx_word' id='word_1_26' title='bbox 516 796 633 868; x_wconf 83' lang='lat' dir='ltr'><strong>iisdem</strong></span> <span class='ocrx_word' id='word_1_27' title='bbox 672 800 782 872; x_wconf 88' lang='lat' dir='ltr'><strong>verbis</strong></span> <span class='ocrx_word' id='word_1_28' title='bbox 823 798 923 864; x_wconf 84' lang='lat' dir='ltr'><strong>relata</strong></span> <span class='ocrx_word' id='word_1_29' title='bbox 964 794 1062 887; x_wconf 74' lang='lat' dir='ltr'><strong>apud.</strong></span> 
     </span>
     <span class='ocr_line' id='line_1_6' title="bbox 132 895 1065 992; baseline 0.003 -29"><span class='ocrx_word' id='word_1_30' title='bbox 132 895 273 967; x_wconf 82' lang='lat' dir='ltr'><strong>Suiduu·</strong></span> <span class='ocrx_word' id='word_1_31' title='bbox 299 895 326 967; x_wconf 80' lang='lat' dir='ltr'><strong>s.</strong></span> <span class='ocrx_word' id='word_1_32' title='bbox 353 928 384 970; x_wconf 84' lang='lat' dir='ltr'><strong>v.</strong></span> <span class='ocrx_word' id='word_1_33' title='bbox 416 905 667 992; x_wconf 72' lang='grc' dir='ltr'><em>Σιιβαριιικαῖςς</em></span> <span class='ocrx_word' id='word_1_34' title='bbox 698 902 779 982; x_wconf 88' lang='lat' dir='ltr'><strong>sed,</strong></span> <span class='ocrx_word' id='word_1_35' title='bbox 813 904 843 967; x_wconf 89' lang='lat' dir='ltr'><strong>si</strong></span> <span class='ocrx_word' id='word_1_36' title='bbox 873 925 891 966; x_wconf 89' lang='lat' dir='ltr'><strong>e</strong></span> <span class='ocrx_word' id='word_1_37' title='bbox 922 900 1065 983; x_wconf 55' lang='lat' dir='ltr'><strong>suida„</strong></span> 
     </span>
     <span class='ocr_line' id='line_1_7' title="bbox 131 1003 1046 1088; baseline 0.004 -23"><span class='ocrx_word' id='word_1_38' title='bbox 131 1003 397 1088; x_wconf 80' lang='lat' dir='ltr'><strong>quemadmodum</strong></span> <span class='ocrx_word' id='word_1_39' title='bbox 422 1006 522 1087; x_wconf 85' lang='lat' dir='ltr'><strong>dicit,</strong></span> <span class='ocrx_word' id='word_1_40' title='bbox 542 1007 627 1073; x_wconf 87' lang='lat' dir='ltr'><strong>bunc</strong></span> <span class='ocrx_word' id='word_1_41' title='bbox 650 1006 756 1071; x_wconf 88' lang='lat' dir='ltr'><strong>locum</strong></span> <span class='ocrx_word' id='word_1_42' title='bbox 780 1003 961 1071; x_wconf 76' lang='lat' dir='ltr'><strong>restituisse</strong></span> <span class='ocrx_word' id='word_1_43' title='bbox 982 1003 1046 1069; x_wconf 88' lang='lat' dir='ltr'><strong>sibi</strong></span> 
     </span>
     <span class='ocr_line' id='line_1_8' title="bbox 130 1103 1044 1196; baseline 0.002 -29"><span class='ocrx_word' id='word_1_44' title='bbox 130 1103 220 1182; x_wconf 75' lang='lat' dir='ltr'><strong>visus</strong></span> <span class='ocrx_word' id='word_1_45' title='bbox 245 1107 309 1171; x_wconf 88' lang='lat' dir='ltr'><strong>erit</strong></span> <span class='ocrx_word' id='word_1_46' title='bbox 334 1109 603 1196; x_wconf 71' lang='lat' dir='ltr'><strong>Wesselingius,</strong></span> <span class='ocrx_word' id='word_1_47' title='bbox 629 1110 856 1186; x_wconf 84' lang='lat' dir='ltr'><strong>vehementer,</strong></span> <span class='ocrx_word' id='word_1_48' title='bbox 881 1114 918 1177; x_wconf 88' lang='lat' dir='ltr'><strong>ut</strong></span> <span class='ocrx_word' id='word_1_49' title='bbox 943 1115 1044 1194; x_wconf 82' lang='lat' dir='ltr'><strong>puto,</strong></span> 
     </span>
     <span class='ocr_line' id='line_1_9' title="bbox 128 1206 1043 1300; baseline -0.002 -27"><span class='ocrx_word' id='word_1_50' title='bbox 128 1206 257 1273; x_wconf 77' lang='lat' dir='ltr'><strong>errarit.</strong></span> <span class='ocrx_word' id='word_1_51' title='bbox 290 1209 406 1298; x_wconf 80' lang='lat' dir='ltr'><strong>Neque</strong></span> <span class='ocrx_word' id='word_1_52' title='bbox 421 1211 505 1276; x_wconf 91' lang='lat' dir='ltr'><strong>enim</strong></span> <span class='ocrx_word' id='word_1_53' title='bbox 522 1212 610 1280; x_wconf 83' lang='lat' dir='ltr'><strong>aliud</strong></span> <span class='ocrx_word' id='word_1_54' title='bbox 625 1210 798 1300; x_wconf 86' lang='lat' dir='ltr'><strong>quidquam</strong></span> <span class='ocrx_word' id='word_1_55' title='bbox 811 1209 890 1273; x_wconf 84' lang='lat' dir='ltr'><strong>fecit</strong></span> <span class='ocrx_word' id='word_1_56' title='bbox 905 1207 1043 1287; x_wconf 85' lang='lat' dir='ltr'><strong>Suidas,</strong></span> 
     </span>
     <span class='ocr_line' id='line_1_10' title="bbox 127 1307 1057 1398; baseline 0.006 -28"><span class='ocrx_word' id='word_1_57' title='bbox 127 1307 193 1371; x_wconf 88' lang='lat' dir='ltr'><strong>nisi</strong></span> <span class='ocrx_word' id='word_1_58' title='bbox 211 1309 340 1376; x_wconf 92' lang='lat' dir='ltr'><strong>titulum</strong></span> <span class='ocrx_word' id='word_1_59' title='bbox 361 1311 401 1376; x_wconf 87' lang='lat' dir='ltr'><strong>de</strong></span> <span class='ocrx_word' id='word_1_60' title='bbox 421 1313 600 1379; x_wconf 84' lang='lat' dir='ltr'><strong>virtutibus·</strong></span> <span class='ocrx_word' id='word_1_61' title='bbox 612 1323 644 1379; x_wconf 86' lang='lat' dir='ltr'><strong>et</strong></span> <span class='ocrx_word' id='word_1_62' title='bbox 659 1310 952 1398; x_wconf 18' lang='lat' dir='ltr'><strong>vitiissexseripsit,</strong></span> <span class='ocrx_word' id='word_1_63' title='bbox 974 1331 1057 1376; x_wconf 71' lang='lat' dir='ltr'><strong>non·</strong></span> 
     </span>
     <span class='ocr_line' id='line_1_11' title="bbox 126 1400 1061 1504; baseline 0.002 -30"><span class='ocrx_word' id='word_1_64' title='bbox 126 1410 310 1477; x_wconf 75' lang='lat' dir='ltr'><strong>lliodorum</strong></span> <span class='ocrx_word' id='word_1_65' title='bbox 329 1400 456 1502; x_wconf 71' lang='lat' dir='ltr'><strong>ipsum3</strong></span> <span class='ocrx_word' id='word_1_66' title='bbox 479 1440 573 1504; x_wconf 90' lang='lat' dir='ltr'><strong>quam</strong></span> <span class='ocrx_word' id='word_1_67' title='bbox 593 1416 779 1504; x_wconf 86' lang='lat' dir='ltr'><strong>opinionem</strong></span> <span class='ocrx_word' id='word_1_68' title='bbox 799 1437 901 1479; x_wconf 82' lang='lat' dir='ltr'><strong>meam</strong></span> <span class='ocrx_word' id='word_1_69' title='bbox 925 1423 1061 1500; x_wconf 84' lang='lat' dir='ltr'><strong>praeter;</strong></span> 
     </span>
     <span class='ocr_line' id='line_1_12' title="bbox 125 1510 1040 1605; baseline -0.001 -27"><span class='ocrx_word' id='word_1_70' title='bbox 125 1510 250 1578; x_wconf 85' lang='lat' dir='ltr'><strong>Suidae</strong></span> <span class='ocrx_word' id='word_1_71' title='bbox 262 1539 383 1581; x_wconf 88' lang='lat' dir='ltr'><strong>morem</strong></span> <span class='ocrx_word' id='word_1_72' title='bbox 395 1519 599 1599; x_wconf 83' lang='lat' dir='ltr'><strong>scholiastes,</strong></span> <span class='ocrx_word' id='word_1_73' title='bbox 612 1516 857 1605; x_wconf 75' lang='lat' dir='ltr'><strong>lexicograpbos</strong></span> <span class='ocrx_word' id='word_1_74' title='bbox 864 1563 875 1599; x_wconf 88' lang='lat'><strong>,</strong></span> <span class='ocrx_word' id='word_1_75' title='bbox 888 1514 1040 1603; x_wconf 75' lang='lat' dir='ltr'><strong>epitome·</strong></span> 
     </span>
     <span class='ocr_line' id='line_1_13' title="bbox 123 1616 1039 1710; baseline 0.007 -30"><span class='ocrx_word' id='word_1_76' title='bbox 123 1627 212 1681; x_wconf 87' lang='lat' dir='ltr'><strong>tores</strong></span> <span class='ocrx_word' id='word_1_77' title='bbox 226 1619 430 1685; x_wconf 81' lang='lat' dir='ltr'><strong>exscribendi</strong></span> <span class='ocrx_word' id='word_1_78' title='bbox 443 1621 526 1685; x_wconf 88' lang='lat' dir='ltr'><strong>illud</strong></span> <span class='ocrx_word' id='word_1_79' title='bbox 539 1622 741 1710; x_wconf 86' lang='lat' dir='ltr'><strong>potissimum</strong></span> <span class='ocrx_word' id='word_1_80' title='bbox 755 1619 931 1703; x_wconf 79' lang='lat' dir='ltr'><strong>confirmat,</strong></span> <span class='ocrx_word' id='word_1_81' title='bbox 949 1616 1039 1705; x_wconf 76' lang='lat' dir='ltr'><strong>quod</strong></span> 
     </span>
     <span class='ocr_line' id='line_1_14' title="bbox 123 1712 1038 1812; baseline -0.001 -29"><span class='ocrx_word' id='word_1_82' title='bbox 123 1742 161 1783; x_wconf 83' lang='lat' dir='ltr'><strong>ea</strong></span> <span class='ocrx_word' id='word_1_83' title='bbox 185 1729 307 1787; x_wconf 86' lang='lat' dir='ltr'><strong>tantum</strong></span> <span class='ocrx_word' id='word_1_84' title='bbox 328 1721 461 1807; x_wconf 84' lang='lat' dir='ltr'><strong>retulit,</strong></span> <span class='ocrx_word' id='word_1_85' title='bbox 483 1712 566 1812; x_wconf 80' lang='lat' dir='ltr'><strong>qnae</strong></span> <span class='ocrx_word' id='word_1_86' title='bbox 588 1724 624 1788; x_wconf 89' lang='lat' dir='ltr'><strong>in</strong></span> <span class='ocrx_word' id='word_1_87' title='bbox 644 1722 731 1786; x_wconf 89' lang='lat' dir='ltr'><strong>libro</strong></span> <span class='ocrx_word' id='word_1_88' title='bbox 752 1722 792 1785; x_wconf 85' lang='lat' dir='ltr'><strong>de</strong></span> <span class='ocrx_word' id='word_1_89' title='bbox 811 1718 985 1787; x_wconf 85' lang='lat' dir='ltr'><strong>virtutibus</strong></span> <span class='ocrx_word' id='word_1_90' title='bbox 1004 1728 1038 1786; x_wconf 84' lang='lat' dir='ltr'><strong>et</strong></span> 
     </span>
     <span class='ocr_line' id='line_1_15' title="bbox 122 1820 1037 1912; baseline -0.003 -25"><span class='ocrx_word' id='word_1_91' title='bbox 122 1822 211 1887; x_wconf 82' lang='lat' dir='ltr'><strong>vitiis</strong></span> <span class='ocrx_word' id='word_1_92' title='bbox 234 1824 358 1911; x_wconf 81' lang='lat' dir='ltr'><strong>prolata</strong></span> <span class='ocrx_word' id='word_1_93' title='bbox 386 1835 480 1908; x_wconf 86' lang='lat' dir='ltr'><strong>sunt,</strong></span> <span class='ocrx_word' id='word_1_94' title='bbox 508 1849 546 1890; x_wconf 87' lang='lat' dir='ltr'><strong>ea</strong></span> <span class='ocrx_word' id='word_1_95' title='bbox 572 1835 700 1906; x_wconf 86' lang='lat' dir='ltr'><strong>autem,</strong></span> <span class='ocrx_word' id='word_1_96' title='bbox 729 1846 810 1912; x_wconf 87' lang='lat' dir='ltr'><strong>quae</strong></span> <span class='ocrx_word' id='word_1_97' title='bbox 836 1821 872 1887; x_wconf 89' lang='lat' dir='ltr'><strong>in</strong></span> <span class='ocrx_word' id='word_1_98' title='bbox 897 1820 1037 1885; x_wconf 84' lang='lat' dir='ltr'><strong>Diodori</strong></span> 
     </span>
     <span class='ocr_line' id='line_1_16' title="bbox 120 1918 1135 2016; baseline -0.002 -26"><span class='ocrx_word' id='word_1_99' title='bbox 120 1925 326 1990; x_wconf 76' lang='lat' dir='ltr'><strong>Bibliotheca</strong></span> <span class='ocrx_word' id='word_1_100' title='bbox 353 1927 403 1992; x_wconf 89' lang='lat' dir='ltr'><strong>bis</strong></span> <span class='ocrx_word' id='word_1_101' title='bbox 430 1927 620 2016; x_wconf 87' lang='lat' dir='ltr'><strong>interposita</strong></span> <span class='ocrx_word' id='word_1_102' title='bbox 650 1936 761 2009; x_wconf 81' lang='lat' dir='ltr'><strong>erant,</strong></span> <span class='ocrx_word' id='word_1_103' title='bbox 784 1947 928 2013; x_wconf 87' lang='lat' dir='ltr'><strong>quaeque</strong></span> <span class='ocrx_word' id='word_1_104' title='bbox 950 1923 1034 2010; x_wconf 88' lang='lat' dir='ltr'><strong>ipsi,</strong></span> <span class='ocrx_word' id='word_1_105' title='bbox 1127 1918 1135 1926; x_wconf 67' lang='grc'>’</span> 
     </span>
     <span class='ocr_line' id='line_1_17' title="bbox 120 2027 1035 2117; baseline -0.004 -25"><span class='ocrx_word' id='word_1_106' title='bbox 120 2027 147 2092; x_wconf 86' lang='lat' dir='ltr'><strong>si</strong></span> <span class='ocrx_word' id='word_1_107' title='bbox 165 2053 202 2091; x_wconf 86' lang='lat' dir='ltr'><strong>ca</strong></span> <span class='ocrx_word' id='word_1_108' title='bbox 219 2029 368 2113; x_wconf 82' lang='lat' dir='ltr'><strong>vidisset,</strong></span> <span class='ocrx_word' id='word_1_109' title='bbox 384 2030 437 2094; x_wconf 89' lang='lat' dir='ltr'><strong>vel</strong></span> <span class='ocrx_word' id='word_1_110' title='bbox 450 2031 551 2117; x_wconf 73' lang='lat' dir='ltr'><strong>magis</strong></span> <span class='ocrx_word' id='word_1_111' title='bbox 569 2030 684 2117; x_wconf 68' lang='lat' dir='ltr'><strong>dignae</strong></span> <span class='ocrx_word' id='word_1_112' title='bbox 698 2030 799 2094; x_wconf 86' lang='lat' dir='ltr'><strong>relatu</strong></span> <span class='ocrx_word' id='word_1_113' title='bbox 813 2029 899 2094; x_wconf 84' lang='lat' dir='ltr'><strong>visae</strong></span> <span class='ocrx_word' id='word_1_114' title='bbox 911 2036 1035 2108; x_wconf 86' lang='lat' dir='ltr'><strong>essent,</strong></span> 
     </span>
     <span class='ocr_line' id='line_1_18' title="bbox 118 2114 1044 2222; baseline -0.001 -27"><span class='ocrx_word' id='word_1_115' title='bbox 118 2154 215 2219; x_wconf 90' lang='lat' dir='ltr'><strong>quam</strong></span> <span class='ocrx_word' id='word_1_116' title='bbox 234 2154 315 2218; x_wconf 87' lang='lat' dir='ltr'><strong>quae</strong></span> <span class='ocrx_word' id='word_1_117' title='bbox 333 2132 460 2215; x_wconf 84' lang='lat' dir='ltr'><strong>retulit,</strong></span> <span class='ocrx_word' id='word_1_118' title='bbox 478 2134 573 2220; x_wconf 85' lang='lat' dir='ltr'><strong>plone</strong></span> <span class='ocrx_word' id='word_1_119' title='bbox 590 2130 802 2222; x_wconf 75' lang='lat' dir='ltr'><strong>pretermisit.</strong></span> <span class='ocrx_word' id='word_1_120' title='bbox 834 2131 910 2194; x_wconf 87' lang='lat' dir='ltr'><strong>Hoc</strong></span> <span class='ocrx_word' id='word_1_121' title='bbox 929 2114 1044 2194; x_wconf 77' lang='lat' dir='ltr'><strong>autern¹</strong></span> 
     </span>
     <span class='ocr_line' id='line_1_19' title="bbox 79 2230 1032 2324; baseline -0.004 -27"><span class='ocrx_word' id='word_1_122' title='bbox 79 2286 83 2305; x_wconf 87' lang='grc'><em>,</em></span> <span class='ocrx_word' id='word_1_123' title='bbox 117 2234 146 2297; x_wconf 90' lang='lat' dir='ltr'><strong>si</strong></span> <span class='ocrx_word' id='word_1_124' title='bbox 165 2255 278 2299; x_wconf 85' lang='lat' dir='ltr'><strong>verum</strong></span> <span class='ocrx_word' id='word_1_125' title='bbox 301 2257 371 2297; x_wconf 89' lang='lat' dir='ltr'><strong>esse</strong></span> <span class='ocrx_word' id='word_1_126' title='bbox 397 2235 622 2315; x_wconf 60' lang='lat' dir='ltr'><strong>statuerimusa</strong></span> <span class='ocrx_word' id='word_1_127' title='bbox 643 2254 843 2324; x_wconf 83' lang='lat' dir='ltr'><strong>nequaquam</strong></span> <span class='ocrx_word' id='word_1_128' title='bbox 869 2230 972 2297; x_wconf 80' lang='lat' dir='ltr'><strong>Suida</strong></span> <span class='ocrx_word' id='word_1_129' title='bbox 992 2231 1032 2296; x_wconf 85' lang='lat' dir='ltr'><strong>ad</strong></span> 
     </span>
     <span class='ocr_line' id='line_1_20' title="bbox 114 2333 1031 2422; baseline -0.007 -21"><span class='ocrx_word' id='word_1_130' title='bbox 114 2337 184 2401; x_wconf 84' lang='lat' dir='ltr'><strong>baee</strong></span> <span class='ocrx_word' id='word_1_131' title='bbox 199 2336 297 2402; x_wconf 83' lang='lat' dir='ltr'><strong>verba</strong></span> <span class='ocrx_word' id='word_1_132' title='bbox 315 2336 511 2400; x_wconf 87' lang='lat' dir='ltr'><strong>emendanda</strong></span> <span class='ocrx_word' id='word_1_133' title='bbox 524 2346 661 2409; x_wconf 88' lang='lat' dir='ltr'><strong>utemur.</strong></span> <span class='ocrx_word' id='word_1_134' title='bbox 698 2336 781 2399; x_wconf 83' lang='lat' dir='ltr'><strong>Nam</strong></span> <span class='ocrx_word' id='word_1_135' title='bbox 796 2333 914 2400; x_wconf 87' lang='lat' dir='ltr'><strong>Suidas</strong></span> <span class='ocrx_word' id='word_1_136' title='bbox 932 2356 1031 2422; x_wconf 84' lang='lat' dir='ltr'><strong>quum</strong></span> 
     </span>
     <span class='ocr_line' id='line_1_21' title="bbox 113 2426 1031 2525; baseline -0.005 -23"><span class='ocrx_word' id='word_1_137' title='bbox 113 2437 212 2502; x_wconf 89' lang='lat' dir='ltr'><strong>initio</strong></span> <span class='ocrx_word' id='word_1_138' title='bbox 240 2438 335 2501; x_wconf 90' lang='lat' dir='ltr'><strong>buius</strong></span> <span class='ocrx_word' id='word_1_139' title='bbox 367 2438 542 2502; x_wconf 83' lang='lat' dir='ltr'><strong>sentcntiae</strong></span> <span class='ocrx_word' id='word_1_140' title='bbox 568 2439 701 2525; x_wconf 73' lang='lat' dir='ltr'><strong>legisset</strong></span> <span class='ocrx_word' id='word_1_141' title='bbox 726 2426 793 2501; x_wconf 75' lang='grc' dir='ltr'><strong>Ὅιι</strong></span> <span class='ocrx_word' id='word_1_142' title='bbox 822 2431 1031 2522; x_wconf 62' lang='lat' dir='ltr'><strong>Mentorides</strong></span> 
     </span>
     <span class='ocr_line' id='line_1_22' title="bbox 113 2527 1029 2627; baseline -0.004 -22"><span class='ocrx_word' id='word_1_143' title='bbox 113 2538 243 2624; x_wconf 72' lang='grc' dir='ltr'><em>λέγεται</em></span> <span class='ocrx_word' id='word_1_144' title='bbox 257 2527 490 2626; x_wconf 72' lang='grc' dir='ltr'><em>περιουσιάσαι</em></span> <span class='ocrx_word' id='word_1_145' title='bbox 504 2539 612 2626; x_wconf 77' lang='grc' dir='ltr'><strong><em>τρυφῇ</em></strong></span> <span class='ocrx_word' id='word_1_146' title='bbox 625 2563 652 2602; x_wconf 88' lang='grc' dir='ltr'><strong>ιι.</strong></span> <span class='ocrx_word' id='word_1_147' title='bbox 665 2563 692 2617; x_wconf 78' lang='grc' dir='ltr'><strong>ι,</strong></span> <span class='ocrx_word' id='word_1_148' title='bbox 707 2540 734 2604; x_wconf 81' lang='lat' dir='ltr'><strong>t</strong></span> <span class='ocrx_word' id='word_1_149' title='bbox 742 2586 752 2622; x_wconf 91' lang='lat'>,</span> <span class='ocrx_word' id='word_1_150' title='bbox 774 2530 880 2603; x_wconf 79' lang='lat' dir='ltr'><strong>cetera</strong></span> <span class='ocrx_word' id='word_1_151' title='bbox 898 2560 1029 2627; x_wconf 87' lang='lat' dir='ltr'><strong>quoque</strong></span> 
     </span>
     <span class='ocr_line' id='line_1_23' title="bbox 113 2640 1027 2729; baseline -0.002 -22"><span class='ocrx_word' id='word_1_152' title='bbox 113 2644 227 2707; x_wconf 84' lang='lat' dir='ltr'><strong>cadem</strong></span> <span class='ocrx_word' id='word_1_153' title='bbox 266 2641 391 2706; x_wconf 87' lang='lat' dir='ltr'><strong>ratione</strong></span> <span class='ocrx_word' id='word_1_154' title='bbox 430 2642 650 2729; x_wconf 75' lang='lat' dir='ltr'><strong>componenda</strong></span> <span class='ocrx_word' id='word_1_155' title='bbox 680 2640 743 2704; x_wconf 89' lang='lat' dir='ltr'><strong>sibi</strong></span> <span class='ocrx_word' id='word_1_156' title='bbox 780 2663 852 2705; x_wconf 89' lang='lat' dir='ltr'><strong>esse</strong></span> <span class='ocrx_word' id='word_1_157' title='bbox 884 2641 1027 2727; x_wconf 85' lang='lat' dir='ltr'><strong>putuvit,</strong></span> 
     </span>
     <span class='ocr_line' id='line_1_24' title="bbox 113 2743 1027 2832; baseline -0.002 -23"><span class='ocrx_word' id='word_1_158' title='bbox 113 2767 289 2832; x_wconf 86' lang='lat' dir='ltr'><strong>omnesque</strong></span> <span class='ocrx_word' id='word_1_159' title='bbox 314 2743 510 2808; x_wconf 79' lang='lat' dir='ltr'><strong>accusativos</strong></span> <span class='ocrx_word' id='word_1_160' title='bbox 538 2744 581 2807; x_wconf 70' lang='lat' dir='ltr'><strong>in&#39;</strong></span> <span class='ocrx_word' id='word_1_161' title='bbox 596 2743 808 2808; x_wconf 88' lang='lat' dir='ltr'><strong>nominativos</strong></span> <span class='ocrx_word' id='word_1_162' title='bbox 839 2766 931 2808; x_wconf 87' lang='lat' dir='ltr'><strong>casus</strong></span> <span class='ocrx_word' id='word_1_163' title='bbox 955 2767 1027 2807; x_wconf 89' lang='lat' dir='ltr'><strong>eon·</strong></span> 
     </span>
     <span class='ocr_line' id='line_1_25' title="bbox 112 2835 1028 2933; baseline -0.002 -22"><span class='ocrx_word' id='word_1_164' title='bbox 112 2835 243 2930; x_wconf 56' lang='lat' dir='ltr'><strong>vortit,⁴</strong></span> <span class='ocrx_word' id='word_1_165' title='bbox 270 2845 326 2933; x_wconf 86' lang='lat' dir='ltr'><strong>qui</strong></span> <span class='ocrx_word' id='word_1_166' title='bbox 359 2843 489 2932; x_wconf 86' lang='lat' dir='ltr'><strong>quidem</strong></span> <span class='ocrx_word' id='word_1_167' title='bbox 521 2868 593 2909; x_wconf 90' lang='lat' dir='ltr'><strong>eum</strong></span> <span class='ocrx_word' id='word_1_168' title='bbox 626 2843 742 2919; x_wconf 69' lang='lat' dir='ltr'><strong>verbo,</strong></span> <span class='ocrx_word' id='word_1_169' title='bbox 760 2843 906 2930; x_wconf 71' lang='lat' dir='ltr'><strong>lc&#39;yerou3</strong></span> <span class='ocrx_word' id='word_1_170' title='bbox 939 2846 1028 2933; x_wconf 70' lang='lat' dir='ltr'><strong>quod</strong></span> 
     </span>
     <span class='ocr_line' id='line_1_26' title="bbox 110 2937 1026 3037; baseline -0.003 -25"><span class='ocrx_word' id='word_1_171' title='bbox 110 2959 186 3037; x_wconf 88' lang='lat' dir='ltr'><strong>post</strong></span> <span class='ocrx_word' id='word_1_172' title='bbox 219 2948 410 3015; x_wconf 91' lang='lat' dir='ltr'><strong>vocabulum</strong></span> <span class='ocrx_word' id='word_1_173' title='bbox 439 2937 623 3032; x_wconf 67' lang='grc' dir='ltr'><em>ἀναχθῆναι</em></span> <span class='ocrx_word' id='word_1_174' title='bbox 652 2947 781 3034; x_wconf 84' lang='lat' dir='ltr'><strong>posuit,</strong></span> <span class='ocrx_word' id='word_1_175' title='bbox 808 2944 1026 3034; x_wconf 73' lang='lat' dir='ltr'><strong>coniungendi</strong></span> 
     </span>
     <span class='ocr_line' id='line_1_27' title="bbox 111 3038 1061 3138; baseline -0.004 -21"><span class='ocrx_word' id='word_1_176' title='bbox 111 3061 244 3138; x_wconf 77' lang='lat' dir='ltr'><strong>essent3</strong></span> <span class='ocrx_word' id='word_1_177' title='bbox 275 3061 310 3119; x_wconf 92' lang='lat' dir='ltr'><strong>ut</strong></span> <span class='ocrx_word' id='word_1_178' title='bbox 338 3049 502 3137; x_wconf 80' lang='lat' dir='ltr'><strong>seripserit</strong></span> <span class='ocrx_word' id='word_1_179' title='bbox 534 3072 601 3116; x_wconf 86' lang='lat' dir='ltr'><strong>nou</strong></span> <span class='ocrx_word' id='word_1_180' title='bbox 618 3049 739 3114; x_wconf 79' lang='lat' dir='ltr'><strong>&#39;solum</strong></span> <span class='ocrx_word' id='word_1_181' title='bbox 768 3038 881 3132; x_wconf 75' lang='grc' dir='ltr'><strong><em>οὗτος,</em></strong></span> <span class='ocrx_word' id='word_1_182' title='bbox 914 3073 1026 3118; x_wconf 87' lang='lat' dir='ltr'><strong>verum</strong></span> <span class='ocrx_word' id='word_1_183' title='bbox 1058 3094 1061 3098; x_wconf 88' lang='lat'><em>-</em></span> 
     </span>
     <span class='ocr_line' id='line_1_28' title="bbox 109 3139 1025 3238; baseline 0 -20"><span class='ocrx_word' id='word_1_184' title='bbox 109 3154 207 3219; x_wconf 82' lang='lat' dir='ltr'><strong>etiarn</strong></span> <span class='ocrx_word' id='word_1_185' title='bbox 224 3139 416 3237; x_wconf 74' lang='grc' dir='ltr'><em>πειτὴκοιια</em></span> <span class='ocrx_word' id='word_1_186' title='bbox 431 3142 509 3225; x_wconf 70' lang='grc' dir='ltr'><strong>τούς</strong></span> <span class='ocrx_word' id='word_1_187' title='bbox 526 3145 638 3238; x_wconf 75' lang='grc' dir='ltr'><strong><em>ἐρέτας</em></strong></span> <span class='ocrx_word' id='word_1_188' title='bbox 656 3143 754 3229; x_wconf 78' lang='grc' dir='ltr'><em>ἔχων</em></span> <span class='ocrx_word' id='word_1_189' title='bbox 775 3147 881 3226; x_wconf 79' lang='grc' dir='ltr'><strong><em>ἰδίους</em></strong></span> <span class='ocrx_word' id='word_1_190' title='bbox 898 3140 1025 3225; x_wconf 59' lang='grc' dir='ltr'><strong><em>οἰκέτας</em></strong></span> 
     </span>
     <span class='ocr_line' id='line_1_29' title="bbox 107 3241 1023 3341; baseline -0.003 -19"><span class='ocrx_word' id='word_1_191' title='bbox 107 3247 186 3330; x_wconf 77' lang='grc' dir='ltr'><strong>τούς</strong></span> <span class='ocrx_word' id='word_1_192' title='bbox 213 3253 272 3338; x_wconf 77' lang='grc' dir='ltr'><strong>μὲν</strong></span> <span class='ocrx_word' id='word_1_193' title='bbox 298 3248 405 3330; x_wconf 70' lang='grc' dir='ltr'><em>ἁλιεῖς</em></span> <span class='ocrx_word' id='word_1_194' title='bbox 432 3244 512 3327; x_wconf 75' lang='grc' dir='ltr'><strong>τούς</strong></span> <span class='ocrx_word' id='word_1_195' title='bbox 533 3251 570 3316; x_wconf 80' lang='grc' dir='ltr'><strong>δὲ</strong></span> <span class='ocrx_word' id='word_1_196' title='bbox 591 3241 826 3340; x_wconf 68' lang='grc' dir='ltr'><strong>ὀρνιθοθήρας.</strong></span> <span class='ocrx_word' id='word_1_197' title='bbox 847 3275 1023 3341; x_wconf 62' lang='grc' dir='ltr'><strong><em>παραγε-</em></strong></span> 
     </span>
     <span class='ocr_line' id='line_1_30' title="bbox 106 3340 1022 3441; baseline -0.001 -21"><span class='ocrx_word' id='word_1_198' title='bbox 106 3347 271 3436; x_wconf 74' lang='grc' dir='ltr'><strong><em>νόμενος</em></strong></span> <span class='ocrx_word' id='word_1_199' title='bbox 306 3351 343 3420; x_wconf 79' lang='grc' dir='ltr'><strong>δὲ</strong></span> <span class='ocrx_word' id='word_1_200' title='bbox 368 3379 395 3418; x_wconf 87' lang='grc' dir='ltr'><strong>ιι.</strong></span> <span class='ocrx_word' id='word_1_201' title='bbox 419 3358 446 3419; x_wconf 65' lang='lat' dir='ltr'><strong>at</strong></span> <span class='ocrx_word' id='word_1_202' title='bbox 470 3355 499 3420; x_wconf 77' lang='grc' dir='ltr'><strong>λ.</strong></span> <span class='ocrx_word' id='word_1_203' title='bbox 542 3353 611 3420; x_wconf 90' lang='lat' dir='ltr'><strong>Suo</strong></span> <span class='ocrx_word' id='word_1_204' title='bbox 646 3354 747 3441; x_wconf 73' lang='lat' dir='ltr'><strong>igitur</strong></span> <span class='ocrx_word' id='word_1_205' title='bbox 778 3355 846 3423; x_wconf 91' lang='lat' dir='ltr'><strong>ille·</strong></span> <span class='ocrx_word' id='word_1_206' title='bbox 868 3340 1022 3422; x_wconf 76' lang='lat' dir='ltr'><strong>arbitratu</strong></span> 
     </span>
     <span class='ocr_line' id='line_1_31' title="bbox 106 3451 1100 3550; baseline -0.004 -25"><span class='ocrx_word' id='word_1_207' title='bbox 106 3461 245 3525; x_wconf 81' lang='lat' dir='ltr'><strong>alienam</strong></span> <span class='ocrx_word' id='word_1_208' title='bbox 282 3451 471 3522; x_wconf 69' lang='lat' dir='ltr'><strong>sententious</strong></span> <span class='ocrx_word' id='word_1_209' title='bbox 514 3455 735 3525; x_wconf 82' lang='lat' dir='ltr'><strong>conformavit.</strong></span> <span class='ocrx_word' id='word_1_210' title='bbox 791 3457 907 3550; x_wconf 82' lang='lat' dir='ltr'><strong>Neque</strong></span> <span class='ocrx_word' id='word_1_211' title='bbox 943 3481 1021 3523; x_wconf 88' lang='lat' dir='ltr'><strong>vero</strong></span> <span class='ocrx_word' id='word_1_212' title='bbox 1097 3471 1100 3478; x_wconf 87' lang='lat'>&#39;</span> 
     </span>
     <span class='ocr_line' id='line_1_32' title="bbox 104 3558 1128 3650; baseline -0.001 -22"><span class='ocrx_word' id='word_1_213' title='bbox 104 3564 208 3629; x_wconf 86' lang='lat' dir='ltr'><strong>multo</strong></span> <span class='ocrx_word' id='word_1_214' title='bbox 231 3583 324 3626; x_wconf 89' lang='lat' dir='ltr'><strong>secus</strong></span> <span class='ocrx_word' id='word_1_215' title='bbox 345 3558 421 3624; x_wconf 83' lang='lat' dir='ltr'><strong>fecit</strong></span> <span class='ocrx_word' id='word_1_216' title='bbox 443 3558 632 3647; x_wconf 73' lang='lat' dir='ltr'><strong>epitomzltor</strong></span> <span class='ocrx_word' id='word_1_217' title='bbox 652 3568 788 3645; x_wconf 74' lang='lat' dir='ltr'><strong>noster3</strong></span> <span class='ocrx_word' id='word_1_218' title='bbox 808 3585 881 3626; x_wconf 86' lang='lat' dir='ltr'><strong>nam</strong></span> <span class='ocrx_word' id='word_1_219' title='bbox 901 3562 1021 3650; x_wconf 87' lang='lat' dir='ltr'><strong>etipse</strong></span> <span class='ocrx_word' id='word_1_220' title='bbox 1121 3567 1128 3573; x_wconf 82' lang='lat'>&#39;</span> 
     </span>
     <span class='ocr_line' id='line_1_33' title="bbox 104 3661 1019 3757; baseline -0.004 -25"><span class='ocrx_word' id='word_1_221' title='bbox 104 3667 251 3757; x_wconf 78' lang='lat' dir='ltr'><strong>priorem</strong></span> <span class='ocrx_word' id='word_1_222' title='bbox 279 3661 454 3733; x_wconf 78' lang='lat' dir='ltr'><strong>sententiae</strong></span> <span class='ocrx_word' id='word_1_223' title='bbox 481 3663 782 3750; x_wconf 4' lang='lat' dir='ltr'><strong>parteminmutevit3</strong></span> <span class='ocrx_word' id='word_1_224' title='bbox 805 3665 900 3752; x_wconf 31' lang='lat' dir='ltr'><strong>quod·</strong></span> <span class='ocrx_word' id='word_1_225' title='bbox 917 3681 1019 3743; x_wconf 77' lang='lat' dir='ltr'><strong>novae</strong></span> 
     </span>
    </p>
   </div>
   <div class='ocr_carea' id='block_1_3' title="bbox 0 0 1148 4208">
    <p class='ocr_par' dir='ltr' id='par_1_3' title="bbox 0 0 1148 4208">
     <span class='ocr_line' id='line_1_34' title="bbox 0 0 1148 4208; baseline 0 10"><span class='ocrx_word' id='word_1_226' title='bbox 0 0 1148 4208; x_wconf 95' lang='lat' dir='ltr'><strong> </strong></span> 
     </span>
    </p>
   </div>
  </div>
 </body>
</html>
