2288 4208
104 330 107 335 ·
173 288 262 366 ⁴124

174 520 261 562 mum
273 495 433 563 decimum
444 508 550 564 autem
563 498 692 565 nominc
703 498 861 588 trigesimi
874 497 964 565 tertii
970 496 1100 566 -Tclceli

172 599 262 687 regis
286 600 478 688 signaverat.
523 602 596 689 Ego
622 603 799 669 adscribam
826 616 944 668 aunum
968 603 1100 668 tertium

171 700 361 769 Alcamenis
380 705 486 792 regis,
506 730 572 770 non
588 701 665 771 vsinc
686 716 762 771 nota
784 705 1009 771 dubitationis.
1031 718 1035 723 “
1072 740 1075 751 ·

214 807 279 873 His
304 816 410 874 autem
434 807 478 872 ita
504 809 688 873 constitutis
714 818 829 892 restat,
857 816 894 871 ut
917 806 963 889 de
983 806 1098 872 ordine
1130 882 1133 887 ¹

170 909 269 974 trium
284 909 414 975 illorum
429 910 579 998 capitum,
594 935 658 999 quo
672 912 815 1000 quidque
829 912 903 975 loco
914 910 1098 998 ponendum

172 1013 231 1093 sit,
255 1012 405 1076 dicamus.
434 1015 545 1101 Atque
560 1013 595 1077 id
611 1013 741 1101 quidem
758 1014 913 1102 perfacile
930 1014 1021 1079 dictu
1040 1022 1097 1095 est,

170 1094 363 1213 particuliam
375 1114 476 1197 illam,
493 1139 576 1204 quae
592 1116 719 1183 exstat'
708 1140 744 1183 ιιι
758 1116 906 1206 reliqniis
917 1115 1096 1199 Vaticanis,

172 1240 273 1305 quum
294 1209 470 1300 exciderit,
492 1218 549 1283 nbi
567 1216 761 1286 Eusebius'
751 1225 786 1283 m
807 1219 912 1306 capite
933 1218 974 1282 de
995 1243 1095 1336 regpo

130 1327 135 1351 '
168 1320 380 1388 Macedonico
398 1321 510 1384 verba
507 1344 572 1384 sua
589 1319 699 1407 posuit
715 1308 788 1383 εἶτα
804 1339 868 1398 μετ
864 1309 989 1406 ὀλίγα
1007 1311 1095 1388 ἐπα-

167 1444 231 1510 γει,
253 1421 342 1486 boc
332 1446 404 1510 rpso
421 1422 494 1486 loco
514 1423 733 1517 reponendam
753 1446 840 1508 esse,
863 1423 920 1486 sed
939 1423 1037 1512 plura
1056 1448 1095 1489 ne

168 1524 367 1624 exciderint,
389 1550 430 1607 an
443 1521 506 1590 boc
519 1535 643 1591 tantum
657 1525 822 1591 oraculum
827 1572 838 1608 ,
855 1525 1019 1593 incertum
1031 1539 1094 1614 est,

110 1630 113 1636 ’
166 1618 203 1693 si
220 1628 332 1716 plura,
358 1629 459 1698 multa
484 1629 633 1717 prolecto
660 1653 726 1696 nou
754 1629 904 1712 fuerunt,
933 1630 1095 1697 Eusebius

167 1729 254 1801 caim
272 1729 352 1796 dicit
373 1721 442 1811 μετ’
461 1753 480 1796 o
474 1723 568 1816 ’.ἰγα
602 1732 765 1796 Praeterea
779 1715 1011 1820 inquirendum
1026 1757 1094 1801 esse

164 1831 312 1918 videtur,
334 1844 442 1900 utrum
466 1845 569 1899 totum
589 1833 672 1898 illud
694 1843 805 1922 caput,
829 1836 916 1923 qnod
934 1845 989 1900 cst
1011 1837 1092 1927 apud

164 1935 364 2019 Eusebium,
379 1936 439 2002 boc
454 1938 525 2001 loco
541 1937 687 2025 posuerit
699 1937 881 2019 Diodorus,
897 1962 938 2002 au
951 1941 1094 2028 priorem

164 2049 289 2108 tantam
306 2051 432 2128 partem
449 2040 520 2128 ipse
535 2040 580 2103 ita
599 2039 786 2129 scripserit,
808 2039 971 2106 Eusebius
991 2055 1094 2110 autem

165 2152 272 2208 cetera
300 2144 444 2231 undique
471 2143 697 2207 Bibliothecae
726 2141 907 2231 conquisita
934 2143 969 2208 in
996 2171 1094 2212 ιιιιιιιιι

163 2245 272 2314 locum
295 2247 513 2333 congesserit,
543 2256 574 2309 et
597 2269 661 2334 quo
684 2234 822 2333 denique
845 2246 919 2310 loco
945 2249 1096 2337 ponenda

164 2349 229 2413 sint
248 2352 347 2415 verba
365 2350 440 2431 illa,
466 2373 536 2439 quaa
553 2348 729 2437 Spuccllus
746 2349 894 2414 servavit.
913 2386 947 2398 -
974 2350 1093 2418 Omnia

161 2449 220 2516 illa
233 2454 295 2516 boc
311 2452 385 2515 loco
401 2452 570 2539 scripsisse
583 2451 785 2532 Diodorum,
808 2450 863 2516 vix
878 2451 959 2518 mibi
974 2463 1094 2544 tempe·

161 2555 248 2636 ravi,
266 2556 346 2643 quin
360 2555 457 2642 plane
471 2578 640 2640 negarem,
656 2562 688 2615 et
701 2552 896 2640 quicumque
908 2555 1094 2623 Diodorum

161 2659 245 2723 benc
270 2657 479 2745 cognoverit,
509 2680 575 2721 non
599 2656 705 2720 miuus
735 2678 807 2720 eum
831 2650 1033 2743 propensum
1053 2660 1093 2726 ad

160 2749 343 2847 negandum
360 2760 431 2825 fore
448 2759 586 2823 conlido.
628 2758 743 2844 Neque
763 2756 849 2821 enim
867 2760 1028 2826 credibile
1046 2774 1094 2828 cst

160 2862 350 2945 admodum,
377 2861 412 2930 in
437 2870 522 2925 tanta
544 2859 637 2949 copia
662 2883 771 2923 rerum
796 2869 924 2947 tamque
948 2866 1092 2952 angustis

160 2965 358 3039 narrationis
379 2965 497 3030 linibus
521 2987 592 3028 eum
614 2963 690 3026 talia
710 2962 761 3026 bis
783 2962 837 3027 rel
858 2963 955 3028 etiam
974 2975 1028 3030 ter
1045 2993 1092 3034 re·

159 3069 282 3134 tulisse.
318 3068 429 3155 Quum
444 3077 550 3130 tamen
564 3067 630 3130 sint
645 3064 786 3151 rqtraedam
801 3065 954 3152 vestigia,
973 3069 1092 3156 quibus

159 3170 295 3237 indicari
311 3170 457 3235 videatur
472 3193 541 3243 csse
555 3167 724 3257 probabile
742 3168 802 3229 boc
819 3167 891 3230 loco
907 3169 1092 3239 Diodorum

159 3295 284 3340 morem
305 3296 400 3343 suum
422 3270 655 3359 quodammodo
680 3267 907 3359 reliquisse,
897 3295 961 3336 ram
984 3298 1092 3363 operae

157 3374 301 3466 pretium
333 3374 395 3439 erit
428 3375 556 3460 singula
588 3372 776 3458 diligentius
806 3371 1026 3443 considerare.
1057 3417 1088 3429 —

157 3480 272 3546 Verba
286 3478 393 3567 prima
413 3466 509 3540 Masei
530 3465 588 3561 τῆν
609 3463 782 3541 κατάλυσιν
804 3472 864 3560 τῆς
884 3475 949 3539 τῶν
969 3469 1092 3544 Ἀσσυ-

104 3574 107 3580 ’
157 3578 235 3670 (ιίων
263 3572 440 3666 circuncisis
467 3574 523 3642 καὶ
549 3564 606 3671 τήν
635 3561 803 3640 (incidetur
831 3571 1091 3663 Σαρδαναπάλου

157 3683 221 3753 sori
237 3672 379 3765 ἐσχάτου
394 3668 581 3764 almatius
573 3672 744 3763 Ασσυρίας
760 3672 792 3743 οἱ
808 3677 873 3744 τῶν
885 3673 1091 3751 Μακεδόνων
