2288 4208
179 239 239 366 ιι

177 491 343 562 bominem
359 493 498 562 rectiora
516 493 600 588 illis,
623 489 696 583 qua
711 490 746 559 in
768 489 1031 560 annotationibus
1048 514 1101 567 sx-

42 667 44 671 ,
175 608 357 689 ponuntur,
375 597 505 671 novisse
520 606 682 695 oportere.
714 595 783 663 Sed
796 592 945 662 revocavi
961 594 1101 660 animun

177 710 211 765 et
229 700 367 767 dandum
382 701 504 788 aliquid
523 720 594 766 esse
612 710 645 765 ct
664 696 961 790 permittendum
928 720 1001 763 mro
1018 721 1101 763 sum·

175 808 242 888 nio,
256 804 312 893 qui
325 813 374 869 tot
386 813 514 894 tamque
526 803 704 924 ipsperrta
699 827 831 869 munera
845 799 940 867 nobis
954 776 1100 920 offerret,
1133 838 1135 843 ·

174 907 333 975 iudicavi.
368 907 517 996 Neque
502 907 587 972 enim
601 929 661 971 nos
679 905 790 970 adeo
780 906 1011 1001 rr'oscercrnur,
1034 903 1099 969 nisi

51 1076 56 1083 ,
80 1006 83 1015 ’
174 1020 239 1077 tam
260 1018 352 1097 grata
366 1010 464 1076 nubis
484 1009 541 1074 illa
562 1019 669 1074 essent
687 1008 786 1091 dona,
808 1018 862 1091 ut,
884 991 1011 1095 siquid
1029 1028 1098 1071 cor·

64 1191 68 1207 Ι
174 1111 263 1232 rppti
281 1113 336 1181 vel
349 1114 513 1203 depravati
532 1113 727 1201 reperimus,
749 1111 886 1176 maximo
901 1110 1017 1175 dolore
1029 1110 1097 1175 affi-

175 1215 316 1302 ciamur,
347 1216 413 1283 laeti
426 1216 526 1281 illius
551 1217 676 1280 fructus
702 1232 760 1302 spe
790 1214 942 1303 deceptos
968 1235 1030 1278 nos
1053 1234 1092 1278 ac

35 1341 37 1345 ·
174 1318 346 1402 destitutos
363 1320 592 1385 existimantes.
634 1318 696 1382 Est
713 1316 814 1404 igitur
832 1315 974 1380 muneris
992 1314 1104 1407 ipsius

172 1423 361 1512 magnitudo
375 1432 408 1486 ct
420 1421 616 1503 iucunditas,
634 1444 705 1510 quaa
717 1420 798 1484 iram
811 1428 955 1483 nostram
966 1418 1095 1485 excitat.

172 1523 222 1592 At
245 1548 341 1614 quam
365 1524 532 1591 iniustam!
580 1524 729 1612 Quantus
756 1532 806 1589 est
832 1522 918 1587 enim
942 1545 1094 1591 numerus

172 1624 367 1715 scriptorum
377 1626 478 1692 multo
488 1626 596 1691 minus
604 1627 815 1708 eruditorum,
827 1648 964 1713 quorum
975 1625 1095 1715 scriptu

172 1728 343 1817 quotannis
374 1729 469 1795 nobis
498 1729 635 1819 legende
661 1728 855 1795 offeruntur!
905 1725 1094 1794 'Abiicinrus

170 1829 301 1916 intucta,
313 1832 456 1899 miserati
468 1830 629 1900 inscitiam
641 1830 749 1919 potius
762 1830 984 1914 scribentium,
996 1854 1093 1920 qum
1128 1875 1133 1883 .

171 1957 283 2005 eorum
301 1935 498 2024 impudentia
517 1935 644 2000 irritati.
687 1934 778 2003 Huic
797 1942 902 1999 autem
921 1933 1091 2022 scriptori,

170 2062 269 2130 quum
281 2039 352 2103 cius
364 2039 486 2127 seripta'
494 2047 630 2128 propter
641 2038 815 2104 novitatem
828 2037 1093 2124 magnitudinem·
1132 2055 1134 2063 '

170 2163 235 2231 que
251 2151 285 2207 et
295 2141 467 2207 utilitatem
480 2164 589 2206 rerum
605 2138 703 2204 abiici
720 2138 946 2231 nonpossint,
967 2140 1041 2205 iure
1055 2162 1093 2206 ac

166 2245 284 2313 merito
305 2245 559 2311 succensendum
578 2266 651 2308 esse
669 2253 836 2331 putamus,
857 2242 886 2307 si
905 2243 984 2331 quid
1001 2267 1020 2308 u
1039 2266 1092 2308 cn·

122 2409 128 2422 ,
166 2344 296 2438 pidiurc
318 2350 465 2438 gloriolas
491 2349 657 2414 cuiusdam
676 2342 831 2411 belietum
857 2369 927 2411 esse
951 2346 1091 2412 animod-

166 2452 336 2536 vertimus,
356 2452 463 2541 qualia
479 2450 625 2540 quotidie
638 2449 765 2514 ab'aliis
778 2448 907 2537 peccari
921 2448 1091 2515 videmus?

35 2543 40 2548 ⁵
165 2553 285 2621 Nonne
292 2564 385 2642 grute
395 2554 502 2643 potins
514 2554 569 2617 illa
581 2550 677 2616 nobis
688 2550 795 2616 animo
807 2560 881 2616 sunl
891 2550 1089 2640 accipienda,

167 2678 238 2746 quae
257 2679 324 2720 non
342 2655 413 2720 sinc
429 2679 546 2743 magno
560 2654 672 2718 labore
685 2652 791 2718 binius
808 2654 868 2718 sub
888 2654 1090 2720 alicnascri·

165 2769 260 2849 ptura
279 2759 411 2826 Intentio
430 2759 465 2825 in
485 2760 592 2823 lucem
609 2757 784 2846 protraxit,
814 2767 847 2820 ct
867 2756 902 2821 in
923 2780 961 2820 co
982 2758 1089 2824 elabo-

160 2862 310 2948 randum,
326 2873 363 2927 ut
375 2862 441 2952 ipsi
452 2861 607 2950 reliquias
619 2859 692 2925 illas
706 2884 801 2949 quam
815 2859 1090 2928 emendatissimus

164 2965 352 3048 reddamus,
376 2975 445 3030 tmn
463 2975 573 3030 nostra
591 2963 773 3052 linguarum
796 2962 931 3051 peritia,
961 2975 1089 3030 nostru·

165 3092 228 3157 qne
241 3066 393 3156 ingenio,
417 3091 488 3156 quac
503 3077 654 3154 corrupta
668 3066 821 3129 babemus
829 3111 839 3148 ,
861 3077 1087 3152 personantes,

163 3179 250 3253 tum,
273 3172 302 3235 si
320 3195 390 3260 quac
406 3168 595 3236 insanabilia
607 3167 820 3249 videbuntur,
842 3166 965 3233 Maium
981 3168 1088 3258 ipsum

164 3283 350 3356 exorantes,
363 3278 405 3337 'ut
416 3281 473 3336 aut
486 3272 556 3359 ipse
571 3269 714 3333 codicem
728 3269 832 3332 denuo
848 3268 1015 3358 inspiciat,
1033 3284 1089 3339 aut

162 3375 236 3441 aliis
253 3376 545 3463 manuscriptorum
565 3370 778 3458 legendorum
799 3371 1011 3459 peritioribus
1034 3399 1089 3441 oo·

162 3474 572 3568 piamiaciatinspiciendi.
590 3472 1087 3544 llludiamanonnullisfaetnnr

162 3590 229 3662 est,
257 3582 321 3646 boc
339 3577 475 3696 numqui
499 3573 667 3641 fecerint
656 3592 841 3663 rgnoro-
878 3576 963 3642 ln''
940 3601 1001 3661 ns,
1027 3581 1085 3673 qui
1112 3580 1123 3593 ’

160 3702 287 3751 sumno
300 3680 435 3810 iugenio
449 3672 671 3771 singularique
680 3675 937 3768 1125qu
950 3683 1085 3761 scimus
