2288 4208
130 256 214 376 icc

496 501 578 577 Cn.
605 502 672 576 XI.
784 510 786 515 ’

50 629 52 632 ,
133 660 311 757 Quomodo
367 656 583 730 ordinandae
629 667 664 728 et
711 658 937 754 explicandae
983 661 1046 729 sind

179 773 375 880 particulae
398 780 539 874 priores
565 776 649 849 libri
672 780 789 848 octavi
811 778 1046 852 Bibliothecae

181 897 336 975 Diodori
355 896 492 970 Siculi?

194 1013 342 1102 Exposui
359 1012 580 1100 superioribus
600 1007 775 1100 capitibus,
797 1012 960 1100 quomodo
980 1009 1046 1077 reli·

103 1117 223 1207 ‘cpiias
252 1113 330 1180 libri
360 1115 489 1202 septimi
518 1114 745 1178 Bibliothecae
773 1114 914 1180 Diodori
945 1114 1044 1186 Siculi

127 1216 331 1300 ordinandas,
354 1217 552 1297 scribendas,
573 1216 779 1304 explicandas
799 1241 870 1282 esse
890 1239 1043 1301 censemn,

126 1325 189 1388 boc
218 1321 322 1411 capite
352 1330 384 1385 et
412 1318 560 1409 proxime
589 1319 797 1406 sequentibus
826 1321 984 1386 disseram
1010 1322 1043 1387 dc

125 1425 298 1516 particulis
327 1422 519 1511 quibusdam
539 1421 700 1485 librorum
723 1423 944 1508 posteriorum
968 1425 1042 1490 eius·

126 1529 200 1593 dem
239 1524 489 1606 Bibliothecae,
530 1548 608 1614 quas
642 1523 790 1589 inventas
829 1525 864 1590 in
900 1527 1041 1617 reliqniis

123 1618 294 1696 Vaticanis
326 1628 433 1692 Maius
462 1635 515 1692 aut
545 1629 640 1716 plane
669 1649 734 1692 non
769 1629 965 1716 explicavit,
996 1640 1043 1694 aut

123 1732 232 1798 minus
260 1739 347 1797 recte
375 1731 605 1818 interpretatus
634 1753 704 1794 csse
731 1727 870 1796 videtur.
916 1726 993 1819 Qua
1013 1734 1041 1796 in

122 1857 161 1902 re
189 1833 218 1900 si
246 1834 425 1898 nonnullos
455 1832 552 1897 etiam
582 1831 720 1896 aliorum
752 1846 881 1897 errores
914 1845 986 1901 tum
1012 1836 1040 1900 in

123 1935 311 2023 digerendis
331 1936 447 2000 ceteris
463 1935 602 2000 Diodori
619 1935 783 2024 reliquiis,
805 1944 873 1999 tum
892 1937 929 2001 in
950 1938 1041 2028 expli·
1078 1942 1080 1949 '

122 2039 234 2104 candia
256 2039 375 2127 eisdem
396 2037 580 2102 commissos
604 2060 801 2125 coarguere,
822 2037 908 2103 hacid
932 2041 1040 2106 malam

120 2165 173 2206 me
195 2141 350 2205 initurum
371 2165 465 2230 spero
488 2141 623 2228 gratim
645 2140 685 2203 ab
709 2141 856 2205 omnibus
879 2143 969 2227 iltis,
992 2144 1040 2234 qui

120 2243 392 2331 Bipontinorum,
415 2254 450 2307 ut
471 2245 531 2308 bos
553 2243 755 2331 potissimum
776 2244 955 2326 nominem,
978 2271 1040 2312 sen·
1078 2316 1080 2325 ,

118 2346 230 2411 tentiis
251 2347 386 2435 nimium
409 2348 543 2412 credere
566 2356 813 2411 consueverunt.
840 2385 873 2396 -
911 2349 1039 2415 Initium
1078 2338 1080 2373 ³

14 2518 18 2529 ¹
117 2448 235 2514 faciam
257 2473 275 2513 a
296 2450 401 2537 prima
422 2449 579 2538 particula
600 2448 678 2512 libri
701 2447 823 2532 octavi,
853 2474 952 2537 qnam
975 2477 1038 2517 csse

117 2561 215 2639 ceput
241 2551 325 2616 illud
346 2553 385 2615 de
407 2553 571 2618 vacatione
593 2551 727 2615 militiae
748 2552 924 2636 Eleorum,
957 2557 1037 2644 quod

117 2652 221 2736 estin
249 2653 415 2741 Excerptt.
445 2656 484 2718 de
506 2655 593 2721 viru.
623 2663 655 2717 ct
676 2654 746 2720 vitt.
776 2678 808 2742 p.
832 2655 916 2719 547.
949 2656 1037 2722 Τ.ΙΙ

114 2752 266 2839 Wessel.
290 2766 322 2819 ct
343 2757 377 2820 in
399 2757 516 2846 reliqq.
536 2756 661 2821 Vaticc.
684 2780 752 2845 cap.
769 2756 830 2821 lv.
848 2782 880 2845 p.
896 2760 933 2823 4.
951 2761 1035 2840 Mai„

113 2856 177 2921 iam
198 2880 296 2944 snpra
315 2859 419 2923 docui.
451 2853 622 2947 Biporitini
639 2863 718 2924 baec
738 2860 836 2924 verba
856 2862 896 2924 ad
914 2862 1034 2952 Lycur·

61 3011 65 3028 .
112 2981 190 3045 gum
211 2961 411 3046 retulerunt,
441 2984 545 3051 aquo
567 2962 716 3026 nonnulli
739 2961 952 3050 Olympicum
974 2991 1034 3047 cer·

111 3072 217 3126 tamen
238 3063 420 3130 institutum
436 3075 560 3154 putant,
583 3065 642 3130 sed
658 3075 868 3152 praepostere
886 3066 940 3132 illi
956 3071 1033 3136 feee-

109 3185 203 3258 runt‚
226 3186 324 3250 quum
346 3168 492 3256 Lycurgi
514 3179 646 3233 aetatem
669 3191 753 3232 anno
777 3169 851 3232 884
874 3194 901 3232 a.
921 3171 984 3237 Cb.
1003 3196 1031 3235 n.

108 3272 353 3366 descripserim
374 3273 567 3360 quicumque
587 3270 671 3334 cuim
684 3293 723 3335 ex
739 3271 826 3334 omni
843 3272 1030 3362 antiquitate

105 3376 260 3468 Lycurgo
301 3377 530 3467 Olympiorum
566 3372 830 3438 constitutionem
865 3375 1028 3458 tribuunt,

105 3480 132 3544 ii
152 3483 339 3572 Lycurgum
360 3483 464 3569 prima
486 3476 680 3566 Olympiade
694 3476 717 3540 i.
737 3500 765 3539 e.
783 3477 854 3539 776
874 3489 950 3542 autc
970 3481 1025 3546 Cb.

104 3607 136 3647 n.
171 3587 309 3666 vixisse,
346 3607 411 3646 nou
445 3581 580 3670 primam
617 3577 846 3667 Olympiadem
882 3578 1024 3669 Lycurgi

3 3749 18 3769 .
102 3694 204 3751 aetate
231 3689 298 3756 cive
329 3709 411 3756 anno
440 3683 513 3752 884
536 3706 563 3746 a.
586 3680 646 3746 Ch.
670 3704 701 3744 n
731 3680 927 3747 celebratam
954 3684 1022 3749 'csse
