2288 4208
132 291 214 381 ιιι
273 284 284 352 ῑ
392 228 400 243 Χ

125 505 336 590 memoratum
353 524 425 570 esse
465 499 588 572 Eadem
603 511 653 572 est
667 494 808 573 codditie
820 433 977 596 Amyntae
990 502 1008 573 Ῑ
1023 515 1058 573 et

124 584 354 670 Alexandril·
346 615 503 690 ‚eorum,
522 632 577 707 (pu
568 607 817 673 Alexandrum
830 609 849 672 1
861 615 1054 697 sequuntur,

122 708 309 773 meminisse
325 654 533 774 Iliadorarm
524 736 586 800 ipsa
578 711 756 799 legimus3
776 720 808 774 et
822 711 970 776 meminit
983 713 1053 801 plu·

122 809 232 931 rium,
256 836 351 901 quam
370 822 449 926 quot
471 814 555 941 apnd
576 813 753 879 Eusebium
775 813 1016 879 enumeratos
1004 838 1051 880 ιιι-

122 915 279 981 vellimus

105 1014 112 1028 ²
155 1014 248 1134 Quae
269 1040 366 1119 quum
384 1017 429 1082 ita
450 1017 532 1101 sint,
554 1020 620 1082 haec
642 1040 712 1082 anea
734 1023 783 1081 est
805 1019 982 1084 sententiaa
1009 1018 1049 1086 Si

121 1118 175 1184 cui
197 1140 264 1186 nou
285 1142 357 1185 esse
379 1066 549 1210 probabile
573 1120 752 1203 videbitur,
781 1121 968 1186 [liodorum
988 1123 1048 1188 bec

117 1221 192 1321 loco
215 1248 326 1288 omues
348 1248 443 1311 reges
464 1222 690 1288 Macedonum
699 1247 717 1286 a
735 1222 863 1288 Carano
884 1224 1046 1310 usquead
1082 1228 1085 1233 ’

7 1369 11 1387 ,
117 1303 340 1420 Alexandrum
355 1329 508 1413 Magnum
526 1325 790 1417 percensuisse,
788 1326 817 1390 is
834 1349 908 1390 eum
924 1326 983 1392 bic
994 1337 1046 1391 aut

116 1428 245 1519 priores
260 1452 354 1518 repes
370 1452 480 1493 omues
496 1453 698 1493 enumerasse
713 1453 730 1492 a
744 1429 871 1494 Carano
886 1429 1045 1518 usquead

116 1528 285 1633 Alcetam,
307 1542 361 1596 aut
374 1517 543 1620 Aeropum
561 1555 619 1596 suo
637 1552 719 1596 auno
738 1532 914 1620 protulisse
928 1533 1045 1598 Alcets
1066 1534 1070 1553 '

115 1635 266 1699 adiuncto
282 1636 423 1723 putabit,
445 1631 621 1723 Amyntam
636 1640 745 1700 nartem
765 1659 783 1699 a
798 1634 950 1698 Brodoro
968 1660 1045 1725 prae⁴

1 1816 3 1822 y
114 1737 299 1802 termissum
322 1762 391 1802 esse
414 1761 506 1800 nemo
531 1737 648 1824 opinor
670 1737 798 1819 credet3
827 1736 919 1800 buius
943 1737 1045 1825 igitur

16 1840 23 1932 J
115 1848 206 1903 aetate
233 1842 299 1904 et
288 1841 391 1929 rpsius
421 1850 453 1904 ct
478 1839 663 1903 Alexandri
691 1849 723 1903 et
748 1840 914 1906 Perdiccae
943 1863 1044 1906 annos

110 1930 223 2031 ‘regios
241 1944 359 2008 relatos
378 1966 449 2006 esse
468 1943 525 2006 ille
543 1939 768 2023 arbitrabitur,
792 1942 879 2030 quod
900 1942 936 2007 iu
955 1945 1043 2010 bello

103 2043 233 2111 'Xerxis
260 2043 382 2111 nullam
405 2044 588 2137 Alexandri
612 2044 779 2107 Diodorus
806 2043 886 2108 fecit
906 2046 1043 2112 meutie-

112 2151 212 2231 uem,
229 2158 262 2211 et
285 2166 352 2235 quo
372 2170 455 2212 auno
477 2142 654 2219 Perdiccas
676 2167 734 2210 rex
757 2147 859 2211 lactus
881 2147 944 2232 sit,
971 2174 1043 2215 nus·
1078 2146 1084 2157 '

112 2273 208 2339 quam
225 2246 260 2315 iu
275 2250 322 2314 cis
341 2249 436 2315 libris
454 2248 610 2336 scriptum
628 2254 694 2330 est,
717 2248 772 2334 qui
789 2249 987 2336 integriores
1000 2252 1043 2347 'ad

3 2360 23 2366 ‘'
85 2359 170 2418 'nos
196 2363 423 2442 peruenerunt⁴
460 2351 692 2439 'Reliquorum
719 2352 849 2416 nomina
877 2362 909 2416 et
941 2378 1041 2420 anuos

1 2456 2 2468 ¹
109 2456 272 2522 Eusebius
302 2456 333 2520 ei
357 2454 521 2521 videbitur
544 2478 561 2517 e
583 2453 669 2517 libro
692 2453 794 2534 XIV,
824 2455 908 2538 XV,
937 2457 1041 2542 xvi,

20 2562 23 2569 ’
54 2548 55 2555 ¹
105 2557 449 2645 XVll'exseripsisse.
465 2595 498 2605 -
523 2555 639 2643 Neque
654 2565 760 2619 tamen
775 2580 860 2644 nego
876 2580 968 2639 eum,
986 2552 1042 2648 qui

109 2660 149 2724 ab
172 2660 231 2724 illo
254 2659 445 2724 dissentiens
467 2661 534 2722 baec
555 2659 662 2722 omnia
679 2659 835 2723 boc-loco
855 2684 872 2724 a
891 2661 1041 2729 Diodoro

109 2763 228 2852 scripta
254 2786 341 2845 esse,
372 2771 406 2826 ut
421 2762 520 2849 ¹apud
540 2760 721 2825 Eusebium
746 2761 920 2849 leguntur,
954 2765 1042 2831 arbi.

107 2875 229 2947 tuetur,
256 2875 288 2929 et
310 2865 415 2954 ipsum
436 2863 591 2927 nonnulla
613 2865 762 2952 proferre
784 2888 897 2953 posse,
919 2869 1040 2956 quibus

107 2968 298 3033 seutentiam
312 2988 401 3057 suam
417 2966 627 3030 commendet.
658 2966 741 3031 Nam
757 2992 855 3055 quum
870 2969 1039 3037 Diodorus

106 3095 213 3160 neque
229 3071 263 3142 iu
277 3069 363 3134 libro
378 3070 460 3152 ΧΠ,
481 3091 587 3156 neque
603 3068 638 3131 in
652 3069 736 3132 Xlll
751 3071 934 3157 scripserit,
959 3083 1039 3164 quot
1079 3068 1084 3081 '

106 3196 208 3240 anuos
225 3173 402 3238 Perdiccas
422 3172 503 3237 alter
520 3171 681 3259 regnarit,
705 3171 851 3238 dubitare
869 3199 1040 3265 sauerpos·

106 3299 234 3362 sumus3
257 3300 363 3365 neque
386 3275 420 3339 id
439 3275 509 3339 sine
532 3299 659 3357 caussa,
682 3275 716 3338 in
735 3273 878 3365 Amynta
900 3301 1038 3344 comme·

103 3380 260 3448 morando
279 3392 354 3443 enm
371 3378 465 3465 regui
481 3400 639 3442 annorum
657 3377 710 3443 vel
729 3377 824 3442 huius
840 3379 962 3467 ipsius,
985 3383 1038 3450 vel

105 3481 305 3567 Alexandri,
328 3481 381 3548 vel
398 3480 564 3546 Perdiccas
584 3481 777 3544 mentionem
797 3483 924 3546 fecisse.
960 3487 1036 3551 Hoc

105 3599 211 3653 autem
238 3584 269 3650 si
296 3608 361 3649 uon
388 3583 484 3667 feeit,
512 3583 598 3646 uude
626 3582 725 3646 sciret
746 3585 925 3668 Eusebius,
958 3597 1036 3677 quot

105 3691 224 3780 cuique
246 3711 347 3755 anuos
364 3630 530 3763 lliodoius
552 3685 833 3779 adscripserit,
801 3712 863 3752 msa
854 3688 944 3756 boe
960 3692 1033 3758 loco
