2288 4208
84 501 120 568 et
129 498 359 589 Wesselingii
373 498 531 566 sententia
542 513 689 591 pugnant
703 500 802 570 verba
811 484 1031 591 eapitis'llios

84 603 162 669 dori
170 604 352 692 deuniiquo
361 626 483 691 genero
491 606 722 690 Romanorum,
729 604 1014 694 quodchuscbio

86 718 120 772 ct
128 706 290 795 Syncello
301 707 337 772 in
346 706 495 801 proximo
508 710 676 801 superiore
687 710 781 774 buius
791 708 897 809 libelli
907 707 1013 796 eapite

134 898 183 952 illu
197 898 260 953 libri
276 899 371 970 primi,
390 915 456 967 quae
473 898 523 952 boe
539 899 647 953 invento
664 900 893 968 periclitabantur,
911 916 1011 951 summa

135 1001 199 1045 tura
210 984 295 1035 denuo
306 984 509 1053 pervestiganda
518 984 569 1036 sibi
580 1002 636 1034 esse
646 986 919 1048 animadvertebat'ut
928 987 1010 1036 totius

133 1068 323 1141 chronologiae
341 1069 499 1140 pontificalis
517 1069 586 1122 ratio
602 1070 782 1142 aliquomodo
800 1088 857 1123 cum
871 1071 918 1123 illo
932 1068 1010 1120 Fabii
1038 1117 1046 1129 ,

134 1170 205 1205 anno
222 1155 345 1224 coniungi
359 1160 462 1223 posset;
481 1154 530 1206 hoe
545 1160 633 1206 autem
644 1156 781 1222 quominus
793 1157 883 1206 statim
897 1158 1009 1213 iaceret.

132 1241 261 1291 «liutmun
277 1241 331 1291 ium
344 1234 477 1291 hominium
487 1243 646 1310 exspectatio
660 1242 801 1310 impedisse
810 1242 926 1301 videtur,
943 1257 1010 1308 quae

131 1326 231 1380 librum
249 1328 390 1378 secundum
406 1324 585 1394 efflagitabat,
608 1329 745 1395 quominus
763 1327 842 1378 tertio
859 1325 929 1375 libro
946 1325 1011 1376 bace

132 1412 223 1465 omniu
240 1411 317 1466 uobis
333 1400 462 1484 explicata
477 1413 566 1472 duret,
590 1412 677 1466 subito
696 1427 766 1465 mors
785 1410 935 1484 prohibuit,
958 1427 1009 1476 qua

133 1502 256 1565 ereptum
267 1497 343 1548 nobis
358 1497 506 1563 litterisque
520 1496 604 1548 virum
618 1497 871 1567 praestantissimum
882 1497 1009 1565 lugemus.

131 1580 193 1650 Ego
214 1599 281 1650 quae
300 1600 380 1651 supra
398 1583 532 1650 disputato
548 1588 623 1642 sunt,
647 1601 762 1652 quaeque
781 1584 903 1651 deinceps
922 1581 1010 1650 proie-

130 1674 242 1728 rentur,
264 1673 325 1719 inte
353 1669 520 1742 scripseram,
543 1685 620 1735 quam
643 1668 824 1720 acerbissimus
846 1667 953 1718 nuntius
975 1668 1010 1716 sd

131 1771 176 1806 rue
190 1753 308 1823 perlatus
324 1759 377 1807 est:
395 1753 596 1805 transmisissem
612 1753 742 1815 libellum,
760 1753 783 1803 si
796 1755 908 1813 viveret,
926 1758 969 1813 ut,
986 1751 1011 1800 si

130 1841 264 1912 placeret,
281 1839 461 1892 dubitationes
475 1857 558 1900 meas,
581 1857 697 1907 quaeque
713 1841 838 1893 adversus
856 1856 914 1890 oum
929 1838 1008 1888 dixis·

111 1937 201 1986 '·scm‚
218 1925 322 1994 publice
338 1926 426 1996 aliquo
443 1927 521 1974 modo
537 1926 740 1994 explicaretur,
761 1925 784 1978 si
801 1940 943 1983 acumem,
966 1940 1006 1974 rc·

130 2010 245 2064 fellei-et,
262 2009 354 2079 Neque
363 2011 440 2063 valde
451 2010 514 2059 mihi
524 2009 696 2066 dubitandum
705 2012 844 2081 erat,quln
853 2011 882 2060 id
891 2011 1007 2063 facturus

130 2097 239 2149 luisset:
267 2113 297 2155 ea
319 2094 386 2149 enim
405 2096 433 2144 in
452 2096 499 2146 illo
518 2096 598 2147 luisse
623 2095 757 2149 serebatur
777 2096 898 2156 consitas,
926 2111 1007 2162 eaque

129 2180 314 2235 benevolentia
331 2186 394 2248 erga
407 2182 556 2233 litterarum
574 2181 721 2241 studiosos,
748 2185 779 2233 ui
798 2183 840 2232 vel
859 2166 1008 2233 intimorum

128 2267 296 2335 ingeniorum
307 2264 484 2327 dubitationes
501 2272 527 2316 ot
542 2265 728 2316 haesitationes
738 2283 837 2316 summa
853 2284 900 2317 sua
912 2267 1007 2318 doctri
1024 2312 1027 2316 ,

129 2370 180 2406 nne
195 2353 272 2420 eopia
285 2352 408 2404 adiuvare
418 2347 475 2400 'non
488 2351 683 2417 dedignaretur.
719 2347 896 2417 Quamobrem
912 2353 1016 2408 merito,

129 2453 184 2494 uon
204 2438 289 2491 solum
310 2436 343 2486 ab
363 2434 528 2490 auditoribus
548 2435 732 2507 discipulisque
751 2436 804 2487 suis
822 2437 887 2493 miro
905 2442 1007 2490 auratus

129 2527 186 2582 est,
209 2522 355 2575 sedetiam
375 2521 408 2570 ab
428 2521 480 2582 eis,
503 2520 548 2588 qui
569 2525 672 2575 tantum
690 2521 744 2570 eius
761 2521 858 2589 scripta
873 2522 1005 2593 legerant,

129 2607 207 2675 quive
227 2609 261 2657 de
283 2623 314 2656 co
334 2605 400 2656 alios
415 2605 597 2674 praedicantes
613 2605 775 2660 audiverant.
814 2607 852 2657 Et
865 2608 934 2683 ipse,
956 2608 1007 2663 etsi

127 2710 271 2760 numquam
283 2692 337 2743 vidi
349 2692 433 2743 virum
444 2692 585 2760 optimum,
601 2707 741 2759 numquam
753 2694 854 2753 audivi,
867 2684 1007 2762 numquam

128 2794 163 2829 ne
178 2795 229 2846 per
241 2778 347 2828 litteras
363 2777 468 2844 quidem
484 2777 627 2828 collocutus
644 2793 714 2836 sum,
738 2782 826 2829 tumen
843 2787 901 2845 enni
915 2783 1007 2847 quovis

128 2865 259 2915 acerrimo
275 2863 330 2912 eius
347 2866 477 2920 sectatore
492 2863 658 2923 contendam,
681 2878 734 2917 nou
749 2865 854 2915 minore
864 2883 905 2918 nuc
922 2867 1008 2918 virum

128 2965 260 3012 summurn
280 2947 449 3002 veneratione
475 2963 578 3015 semper
604 2953 771 3015 prosecutum
795 2966 866 3010 esse,
896 2968 927 3004 ex
954 2967 1006 3018 quo

126 3035 243 3108 primum
262 3032 316 3083 eius
339 3033 438 3105 scripta
456 3033 650 3099 cognovissem
675 3033 768 3100 quibus
787 3053 840 3084 non
862 3037 946 3086 solum
967 3037 1005 3086 in·

127 3120 280 3173 credibilem
298 3119 428 3185 quandum
444 3117 543 3185 ingenii
557 3110 764 3183 mnqnitodinem
780 3122 880 3187 puriter
900 3139 930 3176 ac
947 3119 1006 3171 sub·

127 3207 254 3258 tilitalem
278 3209 360 3274 atque
383 3203 475 3254 ιυὶιαιιι
496 3203 583 3254 omnis.
607 3203 690 3253 doctr'
728 3221 743 3254 e
768 3207 869 3272 copiam
896 3206 1007 3256 indicari

126 3290 267 3349 videbam,
297 3290 344 3340 sod
368 3289 449 3338 eiiam
473 3289 662 3345 sanctissimam
682 3222 789 3351 duilium
812 3292 1006 3359 integritatem,

125 3393 256 3429 summam
266 3375 406 3434 virtutem,
422 3373 602 3430 admirabilem
615 3373 812 3428 humanitatem.
839 3377 929 3443 Neque
943 3391 1006 3430 vero

126 3464 171 3512 illc
182 3461 304 3530 privatae
317 3464 421 3511 tantum
435 3460 504 3513 vitae
520 3459 659 3511 sanctitate
673 3461 858 3537 doctrinaeque
871 3467 897 3512 ct
907 3463 1008 3535 ingenii

125 3548 204 3599 laude
226 3542 336 3602 floruit,
365 3545 412 3594 sed
433 3545 512 3594 etiam
533 3544 573 3595 rei
593 3545 713 3613 publicae
735 3538 889 3618 dignitntcm
916 3548 1007 3596 inultis

125 3631 279 3698 magnisque
294 3630 397 3679 meritis
416 3630 535 3697 piissime
550 3631 636 3680 tuitus
653 3634 694 3680 cst
710 3635 791 3697 atque-
805 3632 963 3682 sustentavit
979 3638 1008 3684 et

127 3715 313 3790 amplificavit,
336 3722 366 3770 nt
386 3731 449 3768 sune
464 3715 599 3769 termine
618 3733 677 3770 ouon
691 3714 818 3772 Cicerone
836 3717 1008 3774 uulsis-liceat
