2288 4208
953 297 1056 398 aas

387 522 724 659 ¹tlara-lllll

131 704 211 823 ,Os
219 707 390 817 reliquiis
407 656 492 786 lilct'
514 713 631 785 octavi
652 632 895 791 Btliltotllccss
910 634 1054 779 Ι1ιίιὶοιϊ

177 849 249 900 rac
254 830 322 902 nt
319 830 423 903 odori
438 844 457 902 e
473 838 629 935 'tempore
650 829 788 931 Olynt'p
795 827 875 906 XI.-
893 825 925 901 4
945 848 1055 929 usqae

152 934 248 1025 od
261 945 399 1047 Olpmp
420 948 538 1031 XIII.
556 950 606 1021 3
787 956 801 971 '¹

201 1136 312 1206 Prima
328 1139 499 1229 particula,
519 1164 613 1230 quamn
630 1149 705 1230 post
719 1139 818 1209 verba
835 1139 892 1206 illa
911 1140 950 1205 de
966 1139 1054 1207 lssllo

135 1241 357 1326 lllcsscniaco,
378 1240 420 1307 de
448 1243 565 1330 quilius
586 1242 692 1332 capite
716 1243 864 1331 proximo
888 1242 1054 1330 superiore

137 1344 296 1427 diximus,
319 1344 576 1427 recensebimus,
591 1350 644 1411 'est
654 1356 755 1445 caput
771 1346 854 1410 illud
873 1346 913 1410 dc
930 1345 1056 1411 Atclala

138 1447 308 1513 conditore
330 1446 583 1538 Syracusarum,
605 1449 693 1538 quod
712 1449 789 1515 est
778 1473 812 1514 rn
830 1449 997 1538 Execrptt.
1016 1450 1056 1514 dc

136 1551 240 1616 virtt.
250 1561 282 1615 et
303 1549 433 1673 vittp‘s
446 1552 519 1616 548
535 1576 567 1616 v.
585 1548 630 1616 do
651 1566 740 1640 seqq.
764 1560 796 1620 ct
806 1551 928 1672 incipit
947 1551 1057 1627 vorbis

122 1640 197 1722 Οτι
222 1642 354 1740 Ἀρχίας
380 1675 399 1719 o
389 1646 652 1741 ι’Κορίνθιος
632 1645 770 1742 spectris
794 1640 839 1720 ais
865 1647 1057 1729 Ἀκταίωνος

136 1782 167 1825 κ.
194 1781 224 1824 τ.
253 1758 280 1824 λ.
335 1754 507 1840 Valesius,
546 1757 603 1844 qui
635 1757 874 1823 annotationem
905 1758 947 1823 ad
975 1760 1059 1824 hanc.

134 1860 330 1952 particulam
354 1859 506 1951 scripsit,
532 1858 713 1940 rectissime
737 1860 960 1927 animsdvcrtit
982 1885 1057 1929 eam

134 1965 173 2031 in
189 1962 373 2039 narratione
388 1960 527 2049 originis
539 1961 775 2051 Syracusarum
790 1964 927 2052 positam
945 1962 1056 2048 fuisse,

135 2077 172 2134 ct
190 2084 273 2155 aptae
293 2065 395 2131 addita
417 2064 604 2153 „Quamvis
627 2076 732 2131 autern
746 2088 875 2149 annus,
898 2091 962 2158 quo
984 2083 1069 2133 com

135 2169 252 2254 „ditae
268 2176 344 2233 sunt
368 2165 551 2257 Syracusae
570 2167 605 2232 in
623 2168 674 2232 his
692 2162 866 2258 Excer'ptis
885 2194 949 2235 non
969 2181 1057 2234 uota-

134 2282 230 2359 „tur,
248 2294 288 2336 cx
303 2292 341 2359 co
358 2277 476 2352 tamon,
493 2270 579 2356 quod
593 2278 667 2359 post
682 2271 919 2336 Messaniacmu
934 2271 1058 2337 bellum

132 2376 201 2463 „id
224 2373 388 2455 ¹refertur,
416 2379 577 2460 apparet,
596 2382 670 2460 post
691 2372 741 2437 IX
767 2372 996 2462 Olympiadem
1022 2375 1059 2440 id

133 2475 352 2564 „contigisse
397 2474 511 2562 ltaque
537 2475 698 2539 assentior
711 2476 872 2558 Eusebio,
900 2477 956 2566 qui
975 2500 1060 2542 anno

132 2579 281 2667 „ultimo
299 2578 350 2644 xl
368 2575 503 2666 Olymp.
522 2575 700 2666 Syracusas
715 2578 754 2642 ab
771 2579 895 2644 Archia
914 2579 1058 2645 conditas
1096 2660 1098 2665 Ι

131 2681 275 2771 „prodit
282 2680 323 2764 ,⁴⁶
345 2703 383 2744 ea
404 2677 575 2747 verissime
598 2678 679 2742 mihi
698 2679 783 2744 dieta
806 2702 878 2746 esse
897 2683 1056 2750 videntur.

130 2786 218 2854 Nam
239 2806 257 2847 e
276 2780 445 2848 Vaticanis
464 2779 613 2869 reliquiis
629 2780 982 2870 intelligiturdrclriac
1001 2809 1055 2850 res

129 2888 319 2957 Diodorum
339 2893 427 2950 certe
442 2905 510 2948 non
527 2893 601 2948 ante
620 2908 737 2948 annum
754 2888 894 2973 primum
912 2888 1055 2955 eiusdem

101 3018 108 3027 ·
130 2976 232 3059 illius'
245 3011 349 3055 nonae
373 2985 579 3079 Olympiadis
597 3009 766 3069 narrasse,
793 2988 881 3076 quod
895 2990 982 3055 inl'ra
1004 2993 1055 3057 dc·

127 3091 326 3165 monstrabo.
370 3089 515 3155 Eusebio
537 3097 642 3154 autem
665 3111 731 3152 non
751 3089 855 3155 solum
879 3093 1053 3178 hocloco,

128 3199 189 3266 scd
204 3197 300 3262 etiam
313 3194 435 3260 alias
407 3214 513 3281 saepe,
526 3191 583 3256 obi
595 3216 697 3256 annos
710 3192 840 3258 urbium
853 3197 1054 3263 conditarum
1085 3221 1096 3238 ·

128 3294 320 3391 adscripsit,
342 3297 389 3364 ita
406 3297 503 3365 fidem
519 3295 698 3363 hahendam
716 3320 787 3401 csse
799 3307 897 3386 puto,
918 3309 955 3365 ut
974 3304 1054 3368 anti

128 3430 213 3497 quos
227 3405 420 3494 scriptores,
442 3410 475 3466 et
488 3399 682 3490 plerumque
695 3388 769 3485 eds,
792 3423 873 3491 qnos
886 3400 1052 3471 Diodorus

125 3518 257 3576 secutus
279 3506 338 3590 sit,
360 3502 408 3569 sio
431 3502 597 3583 statuisse,
624 3502 803 3569 Eusebium
825 3511 948 3589 autem,
969 3530 1052 3595 quac
1084 3493 1090 3507 ⁴

125 3612 264 3701 legerat,
285 3629 402 3697 magna
421 3604 485 3671 fide
506 3604 657 3687 ratulrssa
674 3606 850 3697 credamus.
894 3607 995 3698 Quod
1016 3623 1052 3676 ut

123 3728 191 3782 tam
219 3710 399 3782 honorifice
427 3709 480 3776 de·
499 3705 645 3778 Eusebio
675 3711 914 3801 praedicarem,
948 3715 1051 3783 mirus
