2286 4208
786 246 1032 449 jao

83 497 259 588 tesam,
281 497 338 588 qui
360 495 510 564 libellum
534 496 575 563 de
597 495 727 592 erigite
748 444 863 585 geutit
876 494 1032 571 Romame
1055 582 1058 586 .

99 601 260 689 scripsit,
295 597 348 664 bis
376 601 486 668 verbis
513 597 601 688 (cap.
625 586 711 687 75)·
764 599 900 686 „Igitur
922 602 1033 671 Latini

102 701 315 788 „Ascanium
335 703 410 789 ob
400 702 560 789 insignem
579 703 730 768 virtutem
750 726 817 766 non
834 702 939 768 solum
952 704 1047 785 love

102 813 242 889 „ortum
263 778 489 888 erediderunt,
512 803 579 866 sed
589 804 684 867 etiam
702 825 762 891 per
782 804 1034 874 deminutionem

100 953 129 992 „
136 906 297 972 declinato
311 905 491 994 paullulum
505 906 634 970 nomine
651 904 756 993 primo
770 905 948 985 lovulum“
970 907 1035 994 (ita

101 1024 178 1128 ego·
190 1008 297 1074 ser-ibo
319 1021 380 1096 pro
402 1008 593 1089 „lobum‚“
607 996 701 1096 ‘quod
722 1008 824 1073 estin
843 1008 929 1075 libro
949 1009 1035 1079 Gru·

99 1110 253 1193 neriano,
267 1134 332 1199 quo
345 1106 456 1196 utor),
474 1111 577 1193 „dein
589 1119 701 1197 postea
711 1108 819 1174 lulum
832 1113 1036 1199 appellarunt

85 1230 167 1300 „a
178 1236 244 1301 quo
264 1212 348 1276 ltalia
370 1211 492 1276 familia
514 1212 673 1297 manavit·
701 1221 737 1275 ut
761 1210 907 1277 sei-ibunt
925 1211 1036 1284 Gaesar

102 1315 196 1400 „lib
212 1315 247 1379 ll
269 1324 302 1378 et
320 1313 434 1378 Coto
420 1337 456 1377 m
476 1304 677 1404 Oriqa’m‘buo
685 1314 709 1350 “
749 1314 857 1378 Iulii
847 1316 981 1403 igitur
969 1338 1035 1388 ram

104 1417 244 1485 Catonis
264 1425 354 1480 aetate
372 1439 473 1503 genus
492 1439 586 1480 suum
603 1415 642 1480 ab
657 1415 801 1480 Ascanio
818 1415 1035 1487 deducebant.
1132 1422 1135 1429 ’

104 1543 217 1610 neque
235 1520 420 1610 quisquam,
443 1519 575 1608 opinor,
598 1518 773 1601 dubitabit,
796 1519 876 1609 quin
889 1522 1036 1611 boeipso

106 1624 258 1712 temporo
285 1623 461 1686 eorundem
482 1623 686 1686 Albanorum
713 1637 827 1708 regum
848 1623 979 1690 uomina
999 1625 1037 1694 in

107 1736 277 1792 stemmate
290 1725 382 1791 luliae
397 1720 504 1812 gentis
512 1772 523 1808 ,
545 1724 624 1812 quin
638 1725 837 1790 eorundem
827 1726 985 1814 imagines
1001 1727 1037 1796 in

107 1827 274 1896 Iuliorum
291 1825 384 1898 atriis
403 1827 514 1914 positae
530 1826 670 1908 fuerint,-
692 1850 774 1915 quos
791 1827 891 1914 longo
908 1829 1038 1915 agmine

109 1933 149 2001 in
166 1931 270 1995 Drusi
286 1931 360 1995 Tib.
378 1931 416 1994 F.
435 1930 548 1993 fouere
570 1929 683 2009 ductos
703 1950 774 1994 esse
795 1930 931 2016 legimus
953 1931 1038 2019 opud

110 2032 418 2101 TacitumAnnall.
438 2032 495 2096 lib.
512 2031 565 2097 lv
583 2053 651 2119 eap.
668 2033 702 2096 9.
744 2024 908 2099 Pireterea
924 2033 1038 2122 Virgi-

89 2134 180 2203 'lius
195 2135 398 2199 doctissimus
413 2145 524 2221 poeta,
547 2153 642 2220 quem
658 2156 734 2198 saue
748 2135 895 2200 ordinem
908 2136 1041 2224 quidem
1107 2200 1122 2215 ,

83 2238 87 2285 2
111 2263 226 2305 rerum
246 2247 407 2325 gestarum
427 2236 467 2299 ad
485 2238 632 2300 Aeneam
652 2236 829 2300 ornandum
850 2239 1039 2322 invertisse,
1103 2283 1106 2292 ·

110 2339 338 2428 Mezentiique
354 2348 386 2402 et
400 2339 504 2404 Turni
517 2340 619 2420 caedes
634 2337 844 2404 dissentiente
858 2339 946 2404 omni
958 2341 1042 2411 auti·

114 2445 332 2533 quitate‘ante
352 2441 460 2506 Latini
481 2451 618 2505 mortem
636 2442 781 2529 posuisse
803 2444 993 2527 concedam,
1014 2443 1050 2510 si.

115 2545 193 2634 quis
218 2544 450 2633 postulaverit,
483 2565 588 2630 neque
616 2552 723 2607 tamen
751 2567 902 2633 umquam
926 2545 1043 2611 adduci
1091 2621 1094 2631 Ι

114 2659 251 2738 potero,
275 2657 311 2710 ut
332 2646 420 2710 nulla
439 2667 475 2708 re
495 2654 640 2708 eoactum
657 2645 808 2710 Albanos·
822 2647 975 2734 quosdam
994 2650 1044 2712 ¹re·

116 2775 196 2843 ges,
209 2773 358 2837 'quorum'
372 2771 468 2813 nemo
488 2757 561 2811 aute
581 2748 728 2812 fraudem
744 2749 925 2813 Alexandri
944 2749 1045 2837 Poly·
1070 2762 1071 2767 ’

117 2854 251 2920 historio
267 2853 462 2917 mentionem
476 2849 609 2931 feeerit,
631 2874 893 2916 commemorasse
906 2853 1044 2934 credam,

118 2958 173 3042 bie
204 2955 274 3045 ipse
299 2955 384 3020 Aen.
407 2955 466 3020 lib.
489 2955 547 3020 Vl
575 2980 604 3020 v.
629 2955 702 3018 756
726 2976 817 3042 seqq.
847 2978 913 3020 non
940 2956 1047 3022 solum
1074 2988 1075 2995 ¹

116 3058 269 3125 Aeneam
296 3057 460 3138 Silvium,
496 3058 553 3122 sed
581 3057 674 3123 etiam
698 3056 822 3146 Capym
850 3059 885 3122 in
912 3055 1061 3145 regibus,

119 3160 261 3227 Albanis
281 3160 439 3225 nominate
461 3167 632 3248 utrumque
650 3157 751 3244 igitur
770 3159 806 3222 iu
819 3158 965 3224 'bistoriae
981 3183 1048 3226 mo·

120 3262 283 3328 numentis
310 3261 539 3328 vetustioribus
567 3261 731 3326 invenisse
761 3261 897 3326 videtur.
948 3261 1049 3348 Quod

121 3367 218 3430 etiam
234 3364 337 3450 inagis
355 3361 492 3428 Servius
515 3363 668 3446 affirmat,
691 3364 753 3428 boe
768 3365 991 3430 adnotameuto
1008 3365 1049 3452 ad

83 3516 85 3525 ·
121 3487 254 3537 versum
275 3462 347 3531 770
372 3453 596 3553 explicandum
621 3466 781 3554 scriptor
800 3466 872 3548 „Si
890 3490 1048 3565 uniquam

123 3572 364 3662 „sequundum
393 3564 558 3654 occeperit
586 3565 726 3654 Albam)
764 3568 893 3636 Aeneas
926 3569 1051 3635 scilieet

124 3672 303 3766 „sulum
343 3671 388 3739 Et
407 3669 460 3736 bie
482 3670 639 3755 ostendit,
661 3689 771 3778 omnes
790 3672 946 3804 Albquoa.
955 3694 1051 3777 reges

834 3775 857 3839 7
