<?xml version="1.0" encoding="UTF-8"?>
<!DOCTYPE html PUBLIC "-//W3C//DTD XHTML 1.0 Transitional//EN"
    "http://www.w3.org/TR/xhtml1/DTD/xhtml1-transitional.dtd">
<html xmlns="http://www.w3.org/1999/xhtml" xml:lang="en" lang="en">
 <head>
  <title>
</title>
<meta http-equiv="Content-Type" content="text/html;charset=utf-8" />
  <meta name='ocr-system' content='tesseract 3.04.00' />
  <meta name='ocr-capabilities' content='ocr_page ocr_carea ocr_par ocr_line ocrx_word'/>
</head>
<body>
  <div class='ocr_page' id='page_1' title='image "./lectionesdiodor00krebgoog_0132.png"; bbox 0 0 2288 4208; ppageno 0'>
   <div class='ocr_carea' id='block_1_1' title="bbox 757 188 1076 334">
    <p class='ocr_par' dir='ltr' id='par_1_1' title="bbox 757 188 1076 334">
     <span class='ocr_line' id='line_1_1' title="bbox 757 188 1076 334; baseline -0.006 -25"><span class='ocrx_word' id='word_1_1' title='bbox 757 188 760 193; x_wconf 58' lang='grc'><strong>’</strong></span> <span class='ocrx_word' id='word_1_2' title='bbox 852 216 980 334; x_wconf 81' lang='grc' dir='ltr'><strong>ἰιι</strong></span> <span class='ocrx_word' id='word_1_3' title='bbox 1071 225 1076 233; x_wconf 77' lang='grc'><strong>’</strong></span> 
     </span>
    </p>
   </div>
   <div class='ocr_carea' id='block_1_2' title="bbox 10 422 1061 3712">
    <p class='ocr_par' dir='ltr' id='par_1_2' title="bbox 10 422 1061 2275">
     <span class='ocr_line' id='line_1_2' title="bbox 10 422 979 530; baseline 0.001 -26"><span class='ocrx_word' id='word_1_4' title='bbox 10 482 13 491; x_wconf 71' lang='lat'><em>,</em></span> <span class='ocrx_word' id='word_1_5' title='bbox 56 422 158 530; x_wconf 84' lang='lat' dir='ltr'><strong>idque</strong></span> <span class='ocrx_word' id='word_1_6' title='bbox 180 465 265 517; x_wconf 87' lang='lat' dir='ltr'><strong>nunc</strong></span> <span class='ocrx_word' id='word_1_7' title='bbox 284 443 348 525; x_wconf 86' lang='lat' dir='ltr'><strong>ita,</strong></span> <span class='ocrx_word' id='word_1_8' title='bbox 374 449 411 506; x_wconf 87' lang='lat' dir='ltr'><strong>ut</strong></span> <span class='ocrx_word' id='word_1_9' title='bbox 432 442 535 507; x_wconf 84' lang='lat' dir='ltr'><strong>omnis</strong></span> <span class='ocrx_word' id='word_1_10' title='bbox 557 436 713 508; x_wconf 78' lang='lat' dir='ltr'><strong>dubitatio</strong></span> <span class='ocrx_word' id='word_1_11' title='bbox 736 435 882 524; x_wconf 81' lang='lat' dir='ltr'><strong>tollatur,</strong></span> <span class='ocrx_word' id='word_1_12' title='bbox 906 457 979 505; x_wconf 77' lang='lat' dir='ltr'><strong>con-</strong></span> 
     </span>
     <span class='ocr_line' id='line_1_3' title="bbox 53 541 979 641; baseline 0.001 -34"><span class='ocrx_word' id='word_1_13' title='bbox 53 541 187 609; x_wconf 74' lang='lat' dir='ltr'><strong>tirmtrnt</strong></span> <span class='ocrx_word' id='word_1_14' title='bbox 212 547 287 610; x_wconf 92' lang='lat' dir='ltr'><strong>anni</strong></span> <span class='ocrx_word' id='word_1_15' title='bbox 315 566 429 641; x_wconf 68' lang='lat' dir='ltr'><strong>regum</strong></span> <span class='ocrx_word' id='word_1_16' title='bbox 452 543 783 626; x_wconf 73' lang='lat' dir='ltr'><strong>Lacedaemoniorum,</strong></span> <span class='ocrx_word' id='word_1_17' title='bbox 812 544 896 608; x_wconf 90' lang='lat' dir='ltr'><strong>sient</strong></span> <span class='ocrx_word' id='word_1_18' title='bbox 923 567 979 608; x_wconf 87' lang='lat' dir='ltr'><strong>eos</strong></span> 
     </span>
     <span class='ocr_line' id='line_1_4' title="bbox 54 646 1015 735; baseline -0.006 -24"><span class='ocrx_word' id='word_1_19' title='bbox 54 646 219 711; x_wconf 81' lang='lat' dir='ltr'>Eusebius</span> <span class='ocrx_word' id='word_1_20' title='bbox 234 646 622 711; x_wconf 75' lang='lat' dir='ltr'><strong>eDiodoriBilaliotheea</strong></span> <span class='ocrx_word' id='word_1_21' title='bbox 638 646 817 734; x_wconf 77' lang='lat' dir='ltr'><strong>descripsit.</strong></span> <span class='ocrx_word' id='word_1_22' title='bbox 841 646 981 735; x_wconf 89' lang='lat' dir='ltr'><strong>Compu-</strong></span> <span class='ocrx_word' id='word_1_23' title='bbox 1012 700 1015 705; x_wconf 90' lang='lat'>.</span> 
     </span>
     <span class='ocr_line' id='line_1_5' title="bbox 53 748 980 839; baseline 0.002 -27"><span class='ocrx_word' id='word_1_24' title='bbox 53 748 131 813; x_wconf 89' lang='lat' dir='ltr'><strong>tatis</strong></span> <span class='ocrx_word' id='word_1_25' title='bbox 156 751 242 817; x_wconf 89' lang='lat' dir='ltr'><strong>enim</strong></span> <span class='ocrx_word' id='word_1_26' title='bbox 264 749 408 815; x_wconf 81' lang='lat' dir='ltr'><strong>Charilai</strong></span> <span class='ocrx_word' id='word_1_27' title='bbox 434 759 466 813; x_wconf 88' lang='lat' dir='ltr'><strong>et</strong></span> <span class='ocrx_word' id='word_1_28' title='bbox 490 749 646 815; x_wconf 81' lang='lat' dir='ltr'><strong>Nicandri</strong></span> <span class='ocrx_word' id='word_1_29' title='bbox 670 770 845 839; x_wconf 68' lang='lat' dir='ltr'><strong>regnorum</strong></span> <span class='ocrx_word' id='word_1_30' title='bbox 869 749 980 833; x_wconf 78' lang='lat' dir='ltr'><strong>annis,</strong></span> 
     </span>
     <span class='ocr_line' id='line_1_6' title="bbox 54 844 983 940; baseline 0.002 -25"><span class='ocrx_word' id='word_1_31' title='bbox 54 844 238 940; x_wconf 85' lang='lat' dir='ltr'><strong>additisque</strong></span> <span class='ocrx_word' id='word_1_32' title='bbox 260 852 370 916; x_wconf 88' lang='lat' dir='ltr'><strong>decem</strong></span> <span class='ocrx_word' id='word_1_33' title='bbox 392 851 482 916; x_wconf 92' lang='lat' dir='ltr'><strong>annis</strong></span> <span class='ocrx_word' id='word_1_34' title='bbox 504 851 722 940; x_wconf 77' lang='lat' dir='ltr'><strong>Theopompi,</strong></span> <span class='ocrx_word' id='word_1_35' title='bbox 751 853 859 936; x_wconf 75' lang='lat' dir='ltr'><strong>cuius,</strong></span> <span class='ocrx_word' id='word_1_36' title='bbox 881 863 917 916; x_wconf 90' lang='lat' dir='ltr'><strong>ut</strong></span> <span class='ocrx_word' id='word_1_37' title='bbox 937 853 983 917; x_wconf 90' lang='lat' dir='ltr'><strong>ait</strong></span> 
     </span>
     <span class='ocr_line' id='line_1_7' title="bbox 52 953 981 1043; baseline 0.001 -25"><span class='ocrx_word' id='word_1_38' title='bbox 52 953 238 1037; x_wconf 82' lang='lat' dir='ltr'><strong>Eusebius,</strong></span> <span class='ocrx_word' id='word_1_39' title='bbox 262 953 387 1020; x_wconf 90' lang='lat' dir='ltr'><strong>decimo</strong></span> <span class='ocrx_word' id='word_1_40' title='bbox 405 979 493 1017; x_wconf 85' lang='lat' dir='ltr'><strong>anno</strong></span> <span class='ocrx_word' id='word_1_41' title='bbox 515 955 619 1042; x_wconf 79' lang='lat' dir='ltr'><strong>prima</strong></span> <span class='ocrx_word' id='word_1_42' title='bbox 638 953 808 1043; x_wconf 72' lang='lat' dir='ltr'><strong>Olympias</strong></span> <span class='ocrx_word' id='word_1_43' title='bbox 826 964 898 1020; x_wconf 84' lang='lat' dir='ltr'><strong>acta</strong></span> <span class='ocrx_word' id='word_1_44' title='bbox 915 960 981 1040; x_wconf 80' lang='lat' dir='ltr'><strong>est,</strong></span> 
     </span>
     <span class='ocr_line' id='line_1_8' title="bbox 19 1054 981 1144; baseline 0.003 -24"><span class='ocrx_word' id='word_1_45' title='bbox 19 1126 24 1133; x_wconf 64' lang='grc'><em>,</em></span> <span class='ocrx_word' id='word_1_46' title='bbox 54 1057 117 1144; x_wconf 86' lang='lat' dir='ltr'><strong>ipsi</strong></span> <span class='ocrx_word' id='word_1_47' title='bbox 138 1054 191 1121; x_wconf 85' lang='lat' dir='ltr'><strong>ilii</strong></span> <span class='ocrx_word' id='word_1_48' title='bbox 208 1066 336 1122; x_wconf 87' lang='lat' dir='ltr'><strong>centum</strong></span> <span class='ocrx_word' id='word_1_49' title='bbox 354 1069 386 1121; x_wconf 90' lang='lat' dir='ltr'><strong>et</strong></span> <span class='ocrx_word' id='word_1_50' title='bbox 405 1067 476 1122; x_wconf 92' lang='lat' dir='ltr'><strong>octo</strong></span> <span class='ocrx_word' id='word_1_51' title='bbox 495 1057 569 1121; x_wconf 89' lang='lat' dir='ltr'><strong>anni</strong></span> <span class='ocrx_word' id='word_1_52' title='bbox 575 1104 587 1140; x_wconf 81' lang='grc'>,</span> <span class='ocrx_word' id='word_1_53' title='bbox 611 1081 692 1144; x_wconf 90' lang='lat' dir='ltr'><strong>quos</strong></span> <span class='ocrx_word' id='word_1_54' title='bbox 708 1058 805 1144; x_wconf 83' lang='lat' dir='ltr'><strong>&#39;supra</strong></span> <span class='ocrx_word' id='word_1_55' title='bbox 823 1058 981 1142; x_wconf 83' lang='lat' dir='ltr'><strong>diximus,</strong></span> 
     </span>
     <span class='ocr_line' id='line_1_9' title="bbox 54 1159 980 1248; baseline 0.002 -24"><span class='ocrx_word' id='word_1_56' title='bbox 54 1159 251 1227; x_wconf 80' lang='lat' dir='ltr'><strong>efficiuntur.</strong></span> <span class='ocrx_word' id='word_1_57' title='bbox 301 1160 412 1247; x_wconf 72' lang='lat' dir='ltr'><strong>Quare</strong></span> <span class='ocrx_word' id='word_1_58' title='bbox 436 1161 499 1224; x_wconf 92' lang='lat' dir='ltr'><strong>iam</strong></span> <span class='ocrx_word' id='word_1_59' title='bbox 523 1160 654 1223; x_wconf 88' lang='lat' dir='ltr'><strong>dubium</strong></span> <span class='ocrx_word' id='word_1_60' title='bbox 679 1182 750 1223; x_wconf 88' lang='lat' dir='ltr'><strong>esse</strong></span> <span class='ocrx_word' id='word_1_61' title='bbox 772 1184 837 1223; x_wconf 94' lang='lat' dir='ltr'><strong>non</strong></span> <span class='ocrx_word' id='word_1_62' title='bbox 858 1171 980 1248; x_wconf 78' lang='lat' dir='ltr'><strong>potest,</strong></span> 
     </span>
     <span class='ocr_line' id='line_1_10' title="bbox 54 1248 983 1351; baseline 0.006 -27"><span class='ocrx_word' id='word_1_63' title='bbox 54 1261 136 1350; x_wconf 91' lang='lat' dir='ltr'><strong>quin</strong></span> <span class='ocrx_word' id='word_1_64' title='bbox 159 1263 227 1327; x_wconf 83' lang='lat' dir='ltr'><strong>haec</strong></span> <span class='ocrx_word' id='word_1_65' title='bbox 251 1264 354 1351; x_wconf 86' lang='lat' dir='ltr'><strong>capita</strong></span> <span class='ocrx_word' id='word_1_66' title='bbox 379 1248 461 1328; x_wconf 78' lang='lat' dir='ltr'><strong>anno</strong></span> <span class='ocrx_word' id='word_1_67' title='bbox 484 1263 558 1327; x_wconf 68' lang='lat'><strong>884</strong></span> <span class='ocrx_word' id='word_1_68' title='bbox 575 1272 654 1335; x_wconf 83' lang='lat' dir='ltr'><strong>ante</strong></span> <span class='ocrx_word' id='word_1_69' title='bbox 676 1255 737 1328; x_wconf 81' lang='lat' dir='ltr'><strong>Ch.</strong></span> <span class='ocrx_word' id='word_1_70' title='bbox 755 1280 787 1325; x_wconf 89' lang='lat' dir='ltr'><strong>n.</strong></span> <span class='ocrx_word' id='word_1_71' title='bbox 809 1263 983 1330; x_wconf 85' lang='lat' dir='ltr'><strong>tribuenda</strong></span> 
     </span>
     <span class='ocr_line' id='line_1_11' title="bbox 54 1355 986 1454; baseline 0.001 -25"><span class='ocrx_word' id='word_1_72' title='bbox 54 1365 145 1446; x_wconf 82' lang='lat' dir='ltr'><strong>sint‚·</strong></span> <span class='ocrx_word' id='word_1_73' title='bbox 160 1365 237 1449; x_wconf 72' lang='lat' dir='ltr'><strong>sive</strong></span> <span class='ocrx_word' id='word_1_74' title='bbox 250 1389 269 1430; x_wconf 92' lang='lat' dir='ltr'><strong>a</strong></span> <span class='ocrx_word' id='word_1_75' title='bbox 286 1363 452 1449; x_wconf 83' lang='lat' dir='ltr'><strong>Diodoro,</strong></span> <span class='ocrx_word' id='word_1_76' title='bbox 473 1355 515 1429; x_wconf 58' lang='lat' dir='ltr'><strong>ut&#39;</strong></span> <span class='ocrx_word' id='word_1_77' title='bbox 531 1364 634 1454; x_wconf 86' lang='lat' dir='ltr'><strong>ipsius</strong></span> <span class='ocrx_word' id='word_1_78' title='bbox 654 1366 780 1429; x_wconf 78' lang='lat' dir='ltr'><strong>ratione</strong></span> <span class='ocrx_word' id='word_1_79' title='bbox 800 1375 986 1453; x_wconf 60' lang='lat' dir='ltr'><strong>temporum*</strong></span> 
     </span>
     <span class='ocr_line' id='line_1_12' title="bbox 53 1466 1061 1556; baseline 0 -24"><span class='ocrx_word' id='word_1_80' title='bbox 53 1469 272 1533; x_wconf 79' lang='lat' dir='ltr'><strong>notandorum</strong></span> <span class='ocrx_word' id='word_1_81' title='bbox 291 1478 379 1548; x_wconf 84' lang='lat' dir='ltr'><strong>utar,</strong></span> <span class='ocrx_word' id='word_1_82' title='bbox 402 1469 461 1532; x_wconf 85' lang='lat' dir='ltr'><strong>sub</strong></span> <span class='ocrx_word' id='word_1_83' title='bbox 480 1492 563 1551; x_wconf 87' lang='lat' dir='ltr'><strong>unno</strong></span> <span class='ocrx_word' id='word_1_84' title='bbox 582 1466 678 1532; x_wconf 86' lang='lat' dir='ltr'><strong>tertio</strong></span> <span class='ocrx_word' id='word_1_85' title='bbox 697 1469 860 1534; x_wconf 75' lang='lat' dir='ltr'><strong>Archelai</strong></span> <span class='ocrx_word' id='word_1_86' title='bbox 876 1469 982 1556; x_wconf 73' lang='lat' dir='ltr'><strong>regis,</strong></span> <span class='ocrx_word' id='word_1_87' title='bbox 1058 1478 1061 1487; x_wconf 92' lang='grc'><strong>’</strong></span> 
     </span>
     <span class='ocr_line' id='line_1_13' title="bbox 53 1569 981 1659; baseline 0.002 -25"><span class='ocrx_word' id='word_1_88' title='bbox 53 1571 110 1659; x_wconf 88' lang='lat' dir='ltr'><strong>qui</strong></span> <span class='ocrx_word' id='word_1_89' title='bbox 123 1582 175 1635; x_wconf 82' lang='lat' dir='ltr'><strong>est</strong></span> <span class='ocrx_word' id='word_1_90' title='bbox 186 1594 289 1635; x_wconf 86' lang='lat' dir='ltr'><strong>annus</strong></span> <span class='ocrx_word' id='word_1_91' title='bbox 300 1571 424 1659; x_wconf 84' lang='lat' dir='ltr'><strong>primus</strong></span> <span class='ocrx_word' id='word_1_92' title='bbox 435 1571 586 1658; x_wconf 83' lang='lat' dir='ltr'><strong>idemque</strong></span> <span class='ocrx_word' id='word_1_93' title='bbox 599 1569 712 1634; x_wconf 86' lang='lat' dir='ltr'><strong>natalis</strong></span> <span class='ocrx_word' id='word_1_94' title='bbox 725 1570 868 1636; x_wconf 84' lang='lat' dir='ltr'><strong>Charilai</strong></span> <span class='ocrx_word' id='word_1_95' title='bbox 882 1571 981 1659; x_wconf 76' lang='lat' dir='ltr'><strong>regis,</strong></span> 
     </span>
     <span class='ocr_line' id='line_1_14' title="bbox 54 1668 1012 1762; baseline 0.002 -25"><span class='ocrx_word' id='word_1_96' title='bbox 54 1671 177 1737; x_wconf 87' lang='lat' dir='ltr'><strong>litteris</strong></span> <span class='ocrx_word' id='word_1_97' title='bbox 199 1674 397 1761; x_wconf 76' lang='lat' dir='ltr'><strong>consignata.</strong></span> <span class='ocrx_word' id='word_1_98' title='bbox 423 1709 455 1720; x_wconf 81' lang='lat'>—</span> <span class='ocrx_word' id='word_1_99' title='bbox 487 1668 635 1737; x_wconf 84' lang='lat' dir='ltr'><strong>Primum</strong></span> <span class='ocrx_word' id='word_1_100' title='bbox 655 1683 749 1759; x_wconf 84' lang='lat' dir='ltr'><strong>eaput</strong></span> <span class='ocrx_word' id='word_1_101' title='bbox 771 1673 983 1762; x_wconf 89' lang='lat' dir='ltr'><strong>reliquiarum</strong></span> <span class='ocrx_word' id='word_1_102' title='bbox 1009 1704 1012 1711; x_wconf 65' lang='lat'><strong><em>¹</em></strong></span> 
     </span>
     <span class='ocr_line' id='line_1_15' title="bbox 53 1775 1024 1865; baseline -0.001 -23"><span class='ocrx_word' id='word_1_103' title='bbox 53 1775 289 1842; x_wconf 75' lang='lat' dir='ltr'><strong>vaticanorum</strong></span> <span class='ocrx_word' id='word_1_104' title='bbox 316 1776 463 1865; x_wconf 86' lang='lat' dir='ltr'><strong>sequitur</strong></span> <span class='ocrx_word' id='word_1_105' title='bbox 486 1780 581 1864; x_wconf 85' lang='lat' dir='ltr'><strong>caput</strong></span> <span class='ocrx_word' id='word_1_106' title='bbox 607 1777 742 1840; x_wconf 85' lang='lat' dir='ltr'><strong>alterum</strong></span> <span class='ocrx_word' id='word_1_107' title='bbox 772 1785 803 1839; x_wconf 90' lang='lat' dir='ltr'><strong>et</strong></span> <span class='ocrx_word' id='word_1_108' title='bbox 830 1777 981 1860; x_wconf 84' lang='lat' dir='ltr'><strong>tertium,</strong></span> <span class='ocrx_word' id='word_1_109' title='bbox 1021 1780 1024 1788; x_wconf 84' lang='lat'>&#39;</span> 
     </span>
     <span class='ocr_line' id='line_1_16' title="bbox 55 1877 984 1969; baseline -0.001 -24"><span class='ocrx_word' id='word_1_110' title='bbox 55 1901 127 1969; x_wconf 78' lang='lat' dir='ltr'><strong>quae</strong></span> <span class='ocrx_word' id='word_1_111' title='bbox 149 1878 348 1945; x_wconf 73' lang='lat' dir='ltr'><strong>suh&#39;eodcm</strong></span> <span class='ocrx_word' id='word_1_112' title='bbox 371 1903 475 1963; x_wconf 86' lang='lat' dir='ltr'><strong>anno,</strong></span> <span class='ocrx_word' id='word_1_113' title='bbox 498 1890 534 1943; x_wconf 88' lang='lat' dir='ltr'><strong>ut</strong></span> <span class='ocrx_word' id='word_1_114' title='bbox 555 1879 618 1943; x_wconf 91' lang='lat' dir='ltr'><strong>iam</strong></span> <span class='ocrx_word' id='word_1_115' title='bbox 636 1902 732 1966; x_wconf 86' lang='lat' dir='ltr'><strong>supra</strong></span> <span class='ocrx_word' id='word_1_116' title='bbox 750 1877 836 1960; x_wconf 80' lang='lat' dir='ltr'><strong>dixi,</strong></span> <span class='ocrx_word' id='word_1_117' title='bbox 858 1877 909 1943; x_wconf 92' lang='lat' dir='ltr'><strong>illi</strong></span> <span class='ocrx_word' id='word_1_118' title='bbox 931 1881 984 1944; x_wconf 91' lang='lat' dir='ltr'><strong>ad·</strong></span> 
     </span>
     <span class='ocr_line' id='line_1_17' title="bbox 53 1980 998 2048; baseline -0.003 -3"><span class='ocrx_word' id='word_1_119' title='bbox 53 1980 163 2045; x_wconf 81' lang='lat' dir='ltr'><strong>iuncta</strong></span> <span class='ocrx_word' id='word_1_120' title='bbox 177 1991 278 2047; x_wconf 86' lang='lat' dir='ltr'><strong>erant.</strong></span> <span class='ocrx_word' id='word_1_121' title='bbox 301 1982 463 2046; x_wconf 84' lang='lat' dir='ltr'><strong>Praeterea</strong></span> <span class='ocrx_word' id='word_1_122' title='bbox 479 1981 518 2044; x_wconf 93' lang='lat' dir='ltr'><strong>ad</strong></span> <span class='ocrx_word' id='word_1_123' title='bbox 534 1981 670 2044; x_wconf 88' lang='lat' dir='ltr'><strong>cundem</strong></span> <span class='ocrx_word' id='word_1_124' title='bbox 683 1997 799 2044; x_wconf 86' lang='lat' dir='ltr'><strong>annum</strong></span> <span class='ocrx_word' id='word_1_125' title='bbox 812 1981 998 2048; x_wconf 17' lang='lat' dir='ltr'><strong>referenda*</strong></span> 
     </span>
     <span class='ocr_line' id='line_1_18' title="bbox 53 2080 995 2197; baseline 0.003 -50"><span class='ocrx_word' id='word_1_126' title='bbox 53 2093 130 2148; x_wconf 88' lang='lat' dir='ltr'><strong>sunt</strong></span> <span class='ocrx_word' id='word_1_127' title='bbox 149 2080 286 2149; x_wconf 76' lang='lat' dir='ltr'><strong>fortasse</strong></span> <span class='ocrx_word' id='word_1_128' title='bbox 303 2082 423 2197; x_wconf 83' lang='lat' dir='ltr'><strong>prima</strong></span> <span class='ocrx_word' id='word_1_129' title='bbox 425 2083 523 2148; x_wconf 81' lang='lat' dir='ltr'><strong>verba</strong></span> <span class='ocrx_word' id='word_1_130' title='bbox 540 2083 654 2170; x_wconf 86' lang='lat' dir='ltr'><strong>eapitis</strong></span> <span class='ocrx_word' id='word_1_131' title='bbox 675 2085 799 2172; x_wconf 76' lang='lat' dir='ltr'><strong>quarti,</strong></span> <span class='ocrx_word' id='word_1_132' title='bbox 822 2109 892 2173; x_wconf 88' lang='lat' dir='ltr'><strong>quac</strong></span> <span class='ocrx_word' id='word_1_133' title='bbox 909 2093 995 2150; x_wconf 75' lang='lat' dir='ltr'><strong>stunt</strong></span> 
     </span>
     <span class='ocr_line' id='line_1_19' title="bbox 47 2171 984 2275; baseline 0.004 -26.04"><span class='ocrx_word' id='word_1_134' title='bbox 47 2173 115 2249; x_wconf 77' lang='lat' dir='ltr'><strong>”Oet</strong></span> <span class='ocrx_word' id='word_1_135' title='bbox 126 2203 205 2261; x_wconf 79' lang='grc' dir='ltr'><strong><em>τους</em></strong></span> <span class='ocrx_word' id='word_1_136' title='bbox 217 2205 263 2270; x_wconf 84' lang='grc' dir='ltr'><strong>μη</strong></span> <span class='ocrx_word' id='word_1_137' title='bbox 253 2171 591 2270; x_wconf 73' lang='grc' dir='ltr'>διαφιλάτιονιας-</span> <span class='ocrx_word' id='word_1_138' title='bbox 600 2174 642 2248; x_wconf 80' lang='lat' dir='ltr'><strong>aei</strong></span> <span class='ocrx_word' id='word_1_139' title='bbox 656 2207 739 2270; x_wconf 76' lang='grc' dir='ltr'><strong><em>προς</em></strong></span> <span class='ocrx_word' id='word_1_140' title='bbox 751 2177 827 2259; x_wconf 75' lang='grc' dir='ltr'><strong>τούς</strong></span> <span class='ocrx_word' id='word_1_141' title='bbox 841 2174 984 2275; x_wconf 66' lang='grc' dir='ltr'><em>ἀνθρώ-</em></span> 
     </span>
    </p>

    <p class='ocr_par' dir='ltr' id='par_1_3' title="bbox 16 2284 985 2993">
     <span class='ocr_line' id='line_1_20' title="bbox 54 2284 984 2375; baseline 0.006 -24"><span class='ocrx_word' id='word_1_142' title='bbox 54 2307 140 2362; x_wconf 76' lang='grc' dir='ltr'><strong><em>πους</em></strong></span> <span class='ocrx_word' id='word_1_143' title='bbox 162 2284 293 2369; x_wconf 58' lang='lat' dir='ltr'><strong>diaeum</strong></span> <span class='ocrx_word' id='word_1_144' title='bbox 321 2287 349 2350; x_wconf 91' lang='lat' dir='ltr'><strong>si</strong></span> <span class='ocrx_word' id='word_1_145' title='bbox 372 2287 501 2375; x_wconf 88' lang='lat' dir='ltr'><strong>quidem</strong></span> <span class='ocrx_word' id='word_1_146' title='bbox 523 2295 610 2350; x_wconf 86' lang='lat' dir='ltr'><strong>recte</strong></span> <span class='ocrx_word' id='word_1_147' title='bbox 632 2287 753 2370; x_wconf 81' lang='lat' dir='ltr'><strong>sentio,</strong></span> <span class='ocrx_word' id='word_1_148' title='bbox 775 2289 923 2354; x_wconf 83' lang='lat' dir='ltr'><strong>tribuens</strong></span> <span class='ocrx_word' id='word_1_149' title='bbox 946 2315 984 2358; x_wconf 82' lang='lat' dir='ltr'><strong>ca</strong></span> 
     </span>
     <span class='ocr_line' id='line_1_21' title="bbox 16 2389 985 2478; baseline 0.001 -21"><span class='ocrx_word' id='word_1_150' title='bbox 16 2444 23 2457; x_wconf 86' lang='grc'><em>,</em></span> <span class='ocrx_word' id='word_1_151' title='bbox 53 2389 105 2455; x_wconf 84' lang='lat' dir='ltr'><strong>vel</strong></span> <span class='ocrx_word' id='word_1_152' title='bbox 121 2389 262 2454; x_wconf 90' lang='lat' dir='ltr'><strong>orationi</strong></span> <span class='ocrx_word' id='word_1_153' title='bbox 277 2389 380 2478; x_wconf 86' lang='lat' dir='ltr'><strong>ipsius</strong></span> <span class='ocrx_word' id='word_1_154' title='bbox 395 2389 557 2478; x_wconf 68' lang='lat' dir='ltr'><strong>Lycurgi,</strong></span> <span class='ocrx_word' id='word_1_155' title='bbox 577 2412 670 2476; x_wconf 86' lang='lat' dir='ltr'><strong>quam</strong></span> <span class='ocrx_word' id='word_1_156' title='bbox 684 2389 795 2453; x_wconf 84' lang='lat' dir='ltr'><strong>hahuit</strong></span> <span class='ocrx_word' id='word_1_157' title='bbox 810 2391 849 2454; x_wconf 90' lang='lat' dir='ltr'><strong>dc</strong></span> <span class='ocrx_word' id='word_1_158' title='bbox 863 2393 985 2478; x_wconf 88' lang='lat' dir='ltr'><strong>pietate</strong></span> 
     </span>
     <span class='ocr_line' id='line_1_22' title="bbox 56 2491 985 2581; baseline 0.005 -25"><span class='ocrx_word' id='word_1_159' title='bbox 56 2514 135 2580; x_wconf 74' lang='lat' dir='ltr'><strong>erga</strong></span> <span class='ocrx_word' id='word_1_160' title='bbox 150 2493 259 2576; x_wconf 78' lang='lat' dir='ltr'><strong>Deos,</strong></span> <span class='ocrx_word' id='word_1_161' title='bbox 281 2492 333 2557; x_wconf 82' lang='lat' dir='ltr'><strong>vel</strong></span> <span class='ocrx_word' id='word_1_162' title='bbox 351 2491 559 2580; x_wconf 75' lang='lat' dir='ltr'><strong>disputationi</strong></span> <span class='ocrx_word' id='word_1_163' title='bbox 572 2491 730 2575; x_wconf 79' lang='lat' dir='ltr'><strong>Diodori,</strong></span> <span class='ocrx_word' id='word_1_164' title='bbox 753 2511 815 2581; x_wconf 83' lang='lat' dir='ltr'><strong>qua</strong></span> <span class='ocrx_word' id='word_1_165' title='bbox 831 2495 985 2561; x_wconf 81' lang='lat' dir='ltr'><strong>disseruit</strong></span> 
     </span>
     <span class='ocr_line' id='line_1_23' title="bbox 55 2594 984 2694; baseline 0.008 -36"><span class='ocrx_word' id='word_1_166' title='bbox 55 2594 95 2660; x_wconf 93' lang='lat' dir='ltr'><strong>de</strong></span> <span class='ocrx_word' id='word_1_167' title='bbox 108 2596 256 2683; x_wconf 74' lang='lat' dir='ltr'><strong>Lucurgi</strong></span> <span class='ocrx_word' id='word_1_168' title='bbox 274 2595 432 2659; x_wconf 89' lang='lat' dir='ltr'><strong>institutis</strong></span> <span class='ocrx_word' id='word_1_169' title='bbox 451 2594 614 2658; x_wconf 87' lang='lat' dir='ltr'><strong>sacris-</strong></span> <span class='ocrx_word' id='word_1_170' title='bbox 643 2595 725 2659; x_wconf 84' lang='lat' dir='ltr'><strong>Post</strong></span> <span class='ocrx_word' id='word_1_171' title='bbox 742 2598 824 2661; x_wconf 89' lang='lat' dir='ltr'><strong>hanc</strong></span> <span class='ocrx_word' id='word_1_172' title='bbox 844 2597 984 2694; x_wconf 84' lang='lat' dir='ltr'><strong>denique</strong></span> 
     </span>
     <span class='ocr_line' id='line_1_24' title="bbox 54 2697 985 2804; baseline 0.006 -42"><span class='ocrx_word' id='word_1_173' title='bbox 54 2698 248 2804; x_wconf 79' lang='lat' dir='ltr'><strong>particulam</strong></span> <span class='ocrx_word' id='word_1_174' title='bbox 269 2699 411 2787; x_wconf 86' lang='lat' dir='ltr'><strong>positum</strong></span> <span class='ocrx_word' id='word_1_175' title='bbox 434 2697 536 2760; x_wconf 79' lang='lat' dir='ltr'><strong>fuisse</strong></span> <span class='ocrx_word' id='word_1_176' title='bbox 560 2697 711 2784; x_wconf 86' lang='lat' dir='ltr'><strong>primitus</strong></span> <span class='ocrx_word' id='word_1_177' title='bbox 736 2699 823 2763; x_wconf 84' lang='lat' dir='ltr'><strong>videt</strong></span> <span class='ocrx_word' id='word_1_178' title='bbox 810 2710 863 2764; x_wconf 88' lang='lat' dir='ltr'><strong>tur</strong></span> <span class='ocrx_word' id='word_1_179' title='bbox 889 2713 985 2792; x_wconf 87' lang='lat' dir='ltr'><strong>caput</strong></span> 
     </span>
     <span class='ocr_line' id='line_1_25' title="bbox 55 2786 984 2894; baseline 0.003 -29"><span class='ocrx_word' id='word_1_180' title='bbox 55 2801 141 2867; x_wconf 89' lang='lat' dir='ltr'><strong>illud</strong></span> <span class='ocrx_word' id='word_1_181' title='bbox 158 2802 198 2866; x_wconf 87' lang='lat' dir='ltr'><strong>dc</strong></span> <span class='ocrx_word' id='word_1_182' title='bbox 213 2786 386 2867; x_wconf 84' lang='lat' dir='ltr'><strong>stabilitate</strong></span> <span class='ocrx_word' id='word_1_183' title='bbox 401 2824 494 2889; x_wconf 63' lang='lat' dir='ltr'><strong>regni</strong></span> <span class='ocrx_word' id='word_1_184' title='bbox 484 2800 823 2867; x_wconf 83' lang='lat' dir='ltr'><strong>Lacedaemoniorum</strong></span> <span class='ocrx_word' id='word_1_185' title='bbox 837 2805 984 2894; x_wconf 66' lang='lat' dir='ltr'><strong>Lycurgi</strong></span> 
     </span>
     <span class='ocr_line' id='line_1_26' title="bbox 55 2902 982 2993; baseline 0.003 -24"><span class='ocrx_word' id='word_1_186' title='bbox 55 2903 232 2993; x_wconf 86' lang='lat' dir='ltr'><strong>disciplina</strong></span> <span class='ocrx_word' id='word_1_187' title='bbox 245 2904 442 2981; x_wconf 84' lang='lat' dir='ltr'><strong>confirmata,</strong></span> <span class='ocrx_word' id='word_1_188' title='bbox 459 2903 547 2990; x_wconf 87' lang='lat' dir='ltr'><strong>qaod</strong></span> <span class='ocrx_word' id='word_1_189' title='bbox 560 2902 630 2965; x_wconf 89' lang='lat' dir='ltr'><strong>est</strong></span> <span class='ocrx_word' id='word_1_190' title='bbox 621 2927 656 2965; x_wconf 88' lang='grc' dir='ltr'><strong>ιιι</strong></span> <span class='ocrx_word' id='word_1_191' title='bbox 670 2913 825 2991; x_wconf 80' lang='lat' dir='ltr'><strong>excerptt.</strong></span> <span class='ocrx_word' id='word_1_192' title='bbox 841 2907 880 2969; x_wconf 91' lang='lat' dir='ltr'><strong>dc</strong></span> <span class='ocrx_word' id='word_1_193' title='bbox 894 2908 982 2972; x_wconf 87' lang='lat' dir='ltr'><strong>virtt.</strong></span> 
     </span>
    </p>

    <p class='ocr_par' dir='ltr' id='par_1_4' title="bbox 12 3001 985 3301">
     <span class='ocr_line' id='line_1_27' title="bbox 40 3001 984 3124; baseline 0.003 -51"><span class='ocrx_word' id='word_1_194' title='bbox 40 3019 87 3085; x_wconf 86' lang='lat' dir='ltr'><strong>¹et</strong></span> <span class='ocrx_word' id='word_1_195' title='bbox 104 3009 178 3083; x_wconf 82' lang='lat' dir='ltr'><strong>vitt</strong></span> <span class='ocrx_word' id='word_1_196' title='bbox 196 3007 245 3073; x_wconf 85' lang='lat' dir='ltr'><strong>ed.</strong></span> <span class='ocrx_word' id='word_1_197' title='bbox 264 3006 414 3072; x_wconf 88' lang='lat' dir='ltr'><strong>Wessel.</strong></span> <span class='ocrx_word' id='word_1_198' title='bbox 433 3007 473 3068; x_wconf 83' lang='grc' dir='ltr'><strong>Τ.</strong></span> <span class='ocrx_word' id='word_1_199' title='bbox 486 3007 569 3093; x_wconf 81' lang='lat' dir='ltr'>llp.</span> <span class='ocrx_word' id='word_1_200' title='bbox 584 3006 658 3069; x_wconf 70' lang='lat'><strong>547</strong></span> <span class='ocrx_word' id='word_1_201' title='bbox 677 3031 706 3070; x_wconf 89' lang='lat' dir='ltr'><strong>v.</strong></span> <span class='ocrx_word' id='word_1_202' title='bbox 725 3007 770 3069; x_wconf 70' lang='lat'><strong>72</strong></span> <span class='ocrx_word' id='word_1_203' title='bbox 777 3031 900 3124; x_wconf 83' lang='lat' dir='ltr'><strong>seqq,</strong></span> <span class='ocrx_word' id='word_1_204' title='bbox 915 3001 984 3076; x_wconf 81' lang='grc' dir='ltr'><strong>Οτι</strong></span> 
     </span>
     <span class='ocr_line' id='line_1_28' title="bbox 12 3097 985 3192; baseline 0.001 -15"><span class='ocrx_word' id='word_1_205' title='bbox 12 3106 16 3113; x_wconf 73' lang='grc'><strong>’</strong></span> <span class='ocrx_word' id='word_1_206' title='bbox 55 3133 86 3177; x_wconf 91' lang='grc' dir='ltr'>οι</span> <span class='ocrx_word' id='word_1_207' title='bbox 75 3097 301 3187; x_wconf 66' lang='lat' dir='ltr'><strong>Aunedoq&#39;</strong></span> <span class='ocrx_word' id='word_1_208' title='bbox 271 3130 414 3174; x_wconf 83' lang='grc' dir='ltr'>ιονιοι-</span> <span class='ocrx_word' id='word_1_209' title='bbox 428 3099 495 3192; x_wconf 62' lang='lat' dir='ltr'><strong>dyst</strong></span> <span class='ocrx_word' id='word_1_210' title='bbox 484 3104 605 3184; x_wconf 73' lang='grc' dir='ltr'>ιἰοιίαν.</span> <span class='ocrx_word' id='word_1_211' title='bbox 638 3108 713 3171; x_wconf 88' lang='lat' dir='ltr'><strong>Hoc</strong></span> <span class='ocrx_word' id='word_1_212' title='bbox 735 3109 819 3173; x_wconf 89' lang='lat' dir='ltr'><strong>enim</strong></span> <span class='ocrx_word' id='word_1_213' title='bbox 841 3111 985 3179; x_wconf 84' lang='lat' dir='ltr'><strong>eiusdem</strong></span> 
     </span>
     <span class='ocr_line' id='line_1_29' title="bbox 57 3206 984 3301; baseline 0.004 -24"><span class='ocrx_word' id='word_1_214' title='bbox 57 3213 133 3280; x_wconf 85' lang='lat' dir='ltr'><strong>anni</strong></span> <span class='ocrx_word' id='word_1_215' title='bbox 148 3235 239 3291; x_wconf 84' lang='lat' dir='ltr'><strong>esse,</strong></span> <span class='ocrx_word' id='word_1_216' title='bbox 262 3209 352 3275; x_wconf 88' lang='lat' dir='ltr'><strong>cuius</strong></span> <span class='ocrx_word' id='word_1_217' title='bbox 369 3219 493 3291; x_wconf 82' lang='lat' dir='ltr'><strong>cetera,</strong></span> <span class='ocrx_word' id='word_1_218' title='bbox 515 3209 549 3272; x_wconf 94' lang='lat' dir='ltr'><strong>in</strong></span> <span class='ocrx_word' id='word_1_219' title='bbox 566 3209 682 3296; x_wconf 87' lang='lat' dir='ltr'><strong>quibus</strong></span> <span class='ocrx_word' id='word_1_220' title='bbox 698 3211 737 3274; x_wconf 91' lang='lat' dir='ltr'><strong>de</strong></span> <span class='ocrx_word' id='word_1_221' title='bbox 752 3206 905 3301; x_wconf 70' lang='lat' dir='ltr'><strong>Lycrtrgo</strong></span> <span class='ocrx_word' id='word_1_222' title='bbox 922 3217 984 3281; x_wconf 87' lang='lat' dir='ltr'><strong>dis·</strong></span> 
     </span>
    </p>

    <p class='ocr_par' dir='ltr' id='par_1_5' title="bbox 54 3309 985 3712">
     <span class='ocr_line' id='line_1_30' title="bbox 58 3309 985 3400; baseline 0.004 -20"><span class='ocrx_word' id='word_1_223' title='bbox 58 3315 158 3380; x_wconf 83' lang='lat' dir='ltr'><strong>seruit</strong></span> <span class='ocrx_word' id='word_1_224' title='bbox 175 3313 360 3396; x_wconf 79' lang='lat' dir='ltr'><strong>Diodorus,</strong></span> <span class='ocrx_word' id='word_1_225' title='bbox 382 3336 435 3375; x_wconf 86' lang='lat' dir='ltr'><strong>res</strong></span> <span class='ocrx_word' id='word_1_226' title='bbox 456 3312 526 3398; x_wconf 84' lang='lat' dir='ltr'><strong>ipsa</strong></span> <span class='ocrx_word' id='word_1_227' title='bbox 545 3309 655 3397; x_wconf 74' lang='lat' dir='ltr'><strong>docet3</strong></span> <span class='ocrx_word' id='word_1_228' title='bbox 677 3325 750 3400; x_wconf 89' lang='lat' dir='ltr'><strong>post</strong></span> <span class='ocrx_word' id='word_1_229' title='bbox 768 3313 825 3379; x_wconf 89' lang='lat' dir='ltr'><strong>illa</strong></span> <span class='ocrx_word' id='word_1_230' title='bbox 842 3328 947 3381; x_wconf 91' lang='lat' dir='ltr'><strong>autem</strong></span> <span class='ocrx_word' id='word_1_231' title='bbox 966 3340 985 3384; x_wconf 84' lang='grc' dir='ltr'><strong>ιι</strong></span> 
     </span>
     <span class='ocr_line' id='line_1_31' title="bbox 57 3413 983 3508; baseline 0.005 -27"><span class='ocrx_word' id='word_1_232' title='bbox 57 3440 108 3483; x_wconf 88' lang='lat' dir='ltr'><strong>me</strong></span> <span class='ocrx_word' id='word_1_233' title='bbox 130 3418 211 3508; x_wconf 85' lang='lat' dir='ltr'><strong>poni</strong></span> <span class='ocrx_word' id='word_1_234' title='bbox 234 3415 405 3498; x_wconf 74' lang='lat' dir='ltr'><strong>debuisse,</strong></span> <span class='ocrx_word' id='word_1_235' title='bbox 434 3414 518 3507; x_wconf 78' lang='lat' dir='ltr'><strong>item</strong></span> <span class='ocrx_word' id='word_1_236' title='bbox 533 3437 586 3476; x_wconf 90' lang='lat' dir='ltr'><strong>res</strong></span> <span class='ocrx_word' id='word_1_237' title='bbox 610 3413 681 3501; x_wconf 83' lang='lat' dir='ltr'><strong>ipsa</strong></span> <span class='ocrx_word' id='word_1_238' title='bbox 702 3416 819 3482; x_wconf 86' lang='lat' dir='ltr'><strong>doecre</strong></span> <span class='ocrx_word' id='word_1_239' title='bbox 845 3419 983 3486; x_wconf 85' lang='lat' dir='ltr'><strong>videtur.</strong></span> 
     </span>
     <span class='ocr_line' id='line_1_32' title="bbox 56 3515 982 3610; baseline -0.005 -27"><span class='ocrx_word' id='word_1_240' title='bbox 56 3519 138 3585; x_wconf 82' lang='lat' dir='ltr'><strong>Nam</strong></span> <span class='ocrx_word' id='word_1_241' title='bbox 155 3529 232 3584; x_wconf 86' lang='lat' dir='ltr'><strong>ante</strong></span> <span class='ocrx_word' id='word_1_242' title='bbox 252 3541 347 3607; x_wconf 88' lang='lat' dir='ltr'><strong>quam</strong></span> <span class='ocrx_word' id='word_1_243' title='bbox 365 3515 537 3588; x_wconf 80' lang='lat' dir='ltr'><strong>haec‘dicta</strong></span> <span class='ocrx_word' id='word_1_244' title='bbox 552 3524 642 3603; x_wconf 81' lang='lat' dir='ltr'><strong>sunt,</strong></span> <span class='ocrx_word' id='word_1_245' title='bbox 664 3516 846 3601; x_wconf 87' lang='lat' dir='ltr'><strong>Diodorum</strong></span> <span class='ocrx_word' id='word_1_246' title='bbox 866 3521 904 3584; x_wconf 94' lang='lat' dir='ltr'><strong>dc</strong></span> <span class='ocrx_word' id='word_1_247' title='bbox 918 3522 982 3610; x_wconf 69' lang='lat' dir='ltr'><strong>Ly.</strong></span> 
     </span>
     <span class='ocr_line' id='line_1_33' title="bbox 54 3616 983 3712; baseline -0.004 -23"><span class='ocrx_word' id='word_1_248' title='bbox 54 3622 147 3711; x_wconf 76' lang='lat' dir='ltr'><strong>cergi</strong></span> <span class='ocrx_word' id='word_1_249' title='bbox 176 3622 320 3702; x_wconf 66' lang='lat' dir='ltr'><strong>uirtute,</strong></span> <span class='ocrx_word' id='word_1_250' title='bbox 352 3619 458 3706; x_wconf 81' lang='lat' dir='ltr'><strong>deque</strong></span> <span class='ocrx_word' id='word_1_251' title='bbox 486 3617 556 3681; x_wconf 83' lang='lat' dir='ltr'><strong>cius</strong></span> <span class='ocrx_word' id='word_1_252' title='bbox 584 3616 681 3681; x_wconf 86' lang='lat' dir='ltr'><strong>rebus</strong></span> <span class='ocrx_word' id='word_1_253' title='bbox 710 3621 811 3704; x_wconf 70' lang='lat' dir='ltr'><strong>gestis</strong></span> <span class='ocrx_word' id='word_1_254' title='bbox 837 3621 983 3712; x_wconf 77' lang='lat' dir='ltr'><strong>locutum</strong></span> 
     </span>
    </p>
   </div>
   <div class='ocr_carea' id='block_1_3' title="bbox 0 0 1153 4208">
    <p class='ocr_par' dir='ltr' id='par_1_6' title="bbox 0 0 1153 4208">
     <span class='ocr_line' id='line_1_34' title="bbox 0 0 1153 4208; baseline 0 0"><span class='ocrx_word' id='word_1_255' title='bbox 0 0 1153 4208; x_wconf 95' lang='lat' dir='ltr'><strong> </strong></span> 
     </span>
    </p>
   </div>
  </div>
 </body>
</html>
