2288 4208
910 281 1006 361 tro-

70 486 288 580 insumpserit
306 516 324 555 e
340 489 480 557 Diodori
502 485 620 573 verbis,
636 483 694 556 sed
713 490 782 578 ipse
802 513 859 556 sua
876 501 990 578 sponte

70 594 190 659 ceteris
211 592 431 687 praerniserit,
452 602 489 655 ut
507 592 623 683 leetpri
647 594 849 674 ostenderet,
870 591 992 658 Diodo-

70 720 144 760 rum
173 707 342 785 antequam
371 697 449 759 haec
472 696 647 780 scriberet,
676 696 715 759 de
739 695 916 759 infantibus
939 715 992 760 cn-

70 799 188 888 positis
216 798 412 863 disseruisse.
455 797 539 864 Nam
563 801 754 886 saepissime
772 800 834 862 boe
854 800 991 863 artificio

70 902 263 991 scriptorem
286 898 379 967 illum
400 922 494 966 usum
513 923 583 966 esse
605 902 822 966 demonstrant
842 913 874 966 et
893 904 992 969 verba

70 1004 176 1095 prima
197 1005 373 1092 particulae
393 1005 539 1092 proxime
559 1006 738 1092 sequentis,
759 1023 840 1092 qnae
860 1005 991 1080 minime

70 1131 146 1175 cum
175 1107 324 1195 reliquis·
340 1109 527 1191 cohaerent,
554 1118 586 1171 et
605 1109 704 1171 multa
724 1107 868 1171 ciusdem
890 1109 991 1174 moris

70 1208 143 1277 eius
178 1210 345 1297 exempla,
384 1231 469 1297 quae
499 1209 535 1274 iu
569 1208 805 1298 posterioribus
841 1209 992 1299 reliquiis

70 1313 188 1379 lectori
211 1323 393 1391 occurrunt.

134 1417 231 1480 Hanc
265 1416 457 1504 particulam
491 1413 731 1505 Excerptorum
766 1415 807 1481 de
839 1418 926 1484 virtt.
960 1428 992 1484 et

70 1520 140 1588 aitt.
165 1518 286 1608 exeipit
310 1529 405 1606 eaput
432 1519 471 1583 de
491 1514 625 1583 Romuli
651 1518 813 1607 Remique
840 1523 991 1608 auspiciis

70 1622 169 1693 Urbis
185 1623 369 1689 condendae
382 1646 493 1686 caussa
507 1622 612 1704 sactis,
630 1616 717 1710 quod
733 1634 780 1687 est
795 1622 830 1686 in
842 1624 991 1712 'reliquiis

70 1727 237 1794 Vaticanis
257 1751 288 1814 p.
312 1726 335 1789 ὅ
357 1723 407 1789 ed.
426 1725 502 1792 Mai.
522 1715 581 1790 ὅτι
601 1716 856 1812 ὀρνιθεσομένων
883 1718 992 1806 Ῥέμου

70 1829 123 1897 aad
149 1818 312 1912 Ῥωμύλου
340 1824 417 1916 περὶ
443 1823 597 1906 οἰκισμοῦ
622 1816 767 1907 πόλεως,
796 1822 851 1893 καὶ
874 1825 992 1896 ἐκτῶν

70 1932 186 2016 δεξιῶν
201 1931 307 2048 μεροῖν
325 1926 520 2016 διοσημείαν
536 1927 701 2014 γενέσθαι,
715 1928 798 2016 φασὶ
812 1931 990 1997 καταπλα-

70 2034 162 2101 ιένσα
182 2022 238 2098 τὸν
259 2025 301 2096 Ῥὲ
302 2053 366 2111 μοι
388 2020 726 2117 ἐπιφθεγξάμεαον’
696 2036 801 2097 ειπεῒν
822 2057 866 2117 ιιι
853 2025 989 2100 α’διλ-

70 2137 118 2222 po
139 2127 191 2201 ὅτι
211 2131 246 2200 ἐν
264 2126 368 2222 ταύτῃ
395 2160 435 2222 τῃ
422 2123 558 2198 πόλει
579 2123 782 2211 wettenae
765 2135 991 2251 επαρισιέροις

70 2226 288 2318 ἲοολεύμασιν
307 2234 476 2317 ἐπιδέξιος
493 2226 718 2322 ακολουθὴσει
743 2226 833 2323 τύχη·
854 2262 989 2323 προσιε-

70 2343 127 2416 αῖς
153 2362 217 2427 γαρ
245 2331 349 2405 αὐτοῦ
369 2328 424 2404 τόν
450 2328 582 2430 ἄγγελον
603 2329 856 2415 οἷσιοσιειλανιος
875 2341 930 2407 καὶ
951 2335 989 2408 ed

70 2434 141 2512 σθ’
162 2435 262 2508 αὑτὸν
275 2441 305 2531 ³)
323 2439 422 2530 μέρος
440 2431 524 2516 ὅλοις
538 2430 764 2530 ἡμαρτηκότος
783 2432 852 2508 v‘nd
868 2436 990 2512 ταύιο-
1051 2517 1053 2521 ,

70 2586 271 2601 -ι-Δ--ι--ιι

112 2664 156 2732 5,)
187 2637 316 2715 adeda
342 2671 369 2717 et
392 2642 673 2736 διωρθῶσθαι
700 2669 807 2739 sorIpsit
832 2673 986 2726 Diodorfius

110 2788 165 2843 lm,
194 2740 318 2827 adada
349 2775 376 2821 et
405 2737 744 2838 διορθώσασθαι,
777 2792 843 2842 quae
870 2779 966 2828 sunt·
958 2797 986 2830 m

109 2876 184 2928 lilno
201 2875 339 2936 Romano3
363 2873 447 2922 eidem
469 2874 596 2938 τυχην
618 2872 751 2937 dehemus,
768 2896 845 2944 quam
862 2897 941 2948 supra
958 2883 986 2933 iu

109 2980 200 3032 locum
219 2955 340 3042 δίκης
356 2975 481 3026 restituit.
516 2975 676 3026 Pronomine
700 2978 747 3029 illa
773 2988 803 3032 ut
826 2983 901 3035 t'aeilc
926 3001 986 3035 coa·

106 3065 271 3122 funduntur,
294 3063 332 3112 ita
351 3077 428 3130 saepe
452 3060 650 3111 confessisunt:
674 3072 704 3113 ut
720 3066 749 3115 in
772 3069 921 3119 narratione
939 3071 988 3122 illu

110 3149 262 3200 certaminis
286 3146 445 3220 Sabinorum
465 3145 697 3214 Romanorumque
722 3150 826 3203 diremti
847 3155 985 3206 mulierum

107 3235 276 3291 interventu,
305 3249 370 3299 quae
394 3251 425 3282 ex
448 3231 558 3281 historia
586 3231 682 3282 Dionis
711 3232 797 3286 Cassii
820 3246 923 3290 servata
945 3249 985 3292 cst

107 3335 169 3388 eop-
185 3319 234 3370 111
251 3339 276 3387 p.
298 3316 357 3367 156
380 3318 550 3385 reliquiarum
568 3316 754 3369 vaticanorum
772 3339 788 3369 a
805 3323 877 3374 Maio
903 3327 984 3375 edita·

106 3396 370 3473 rum‚‹'1ua1n'quod
389 3421 450 3453 saue
468 3404 549 3470 dignu
566 3403 651 3453 relatu
666 3411 692 3454 et
707 3407 804 3474 passim
823 3411 984 3461 emendanda

106 3500 165 3552 est,'
183 3498 268 3543 totam
284 3489 404 3540 hocloco
419 3506 497 3555 pono.
520 3487 684 3556 Sontrgrtur
698 3491 778 3541 verba
793 3493 855 3542 libri
870 3494 984 3546 ltonrani
1060 3490 1064 3507 ¹

104 3590 215 3648 haecce
239 3566 306 3639 Οτι
335 3564 356 3658 ἦ
381 3566 525 3657 Ερσιλια
552 3593 608 3634 και
636 3569 671 3636 αἱ
698 3565 795 3644 ditet
822 3564 982 3662 ὁμόφυλοι

104 3683 257 3762 γυναῖκες
286 3663 472 3760 σηρήσασαί
500 3695 581 3739 ποτε
609 3667 983 3762 &praeparamentum
