2288 4208
969 258 1132 343 97.

92 454 192 589 qlutc
216 464 300 537 κατᾶ
324 462 365 539 nl
391 464 520 560 πρῶτον
546 459 674 544 ἔτος
648 490 676 538 π
677 464 767 535 lucet
792 465 850 556 τῆς
877 454 1021 556 ἑβδόμης

92 560 324 652 ὅλυμπιάδος.
320 572 446 661 Quid
436 574 537 660 agitur
545 572 638 656 Cato,
651 596 679 637 ιι
669 571 894 671 Albanorum
905 597 1020 661 regum

92 676 211 739 seriem
230 700 301 739 cum
321 675 418 762 regui
429 674 584 762 cuiusque
602 675 696 739 annis
711 676 872 741 memoriae
886 676 1020 740 tradidit

92 779 125 841 iu
153 777 354 864 Originibus
382 777 470 857 suis,
504 776 582 865 quid
609 776 729 859 fecisse
757 777 922 888 putandus
944 781 1019 844 est‘l

92 873 209 945 Nonne
239 880 374 944 eudem
382 879 495 968 spatio
514 879 668 966 temporis
698 879 829 943 illorum
860 883 960 967 regna
988 881 1019 944 ei

94 993 182 1046 erant
198 978 406 1085 includenda,
425 980 511 1068 quod
528 979 614 1043 inter
628 981 766 1044 Troiae
749 983 1019 1068 expugnationem

93 1095 123 1148 et
143 1061 251 1150 urbis
262 1083 454 1172 primordia
459 1106 531 1146 eum
552 1084 700 1172 posuisse
717 1084 887 1149 videmus?
929 1088 1020 1151 Ante

92 1186 316 1281 nAlcitttndru'm
332 1184 575 1273 Polyhistorcm
597 1203 692 1272 repes
714 1183 862 1249 Albanos
884 1209 1021 1252 comme·

92 1270 231 1355 moratos
254 1310 326 1352 esse
348 1288 511 1372 Aeneam,
532 1289 727 1379 Ascanium,
750 1286 909 1371 Silvium,
930 1289 1018 1353 Lati·

92 1410 182 1477 uum,
200 1392 409 1474 Tiberinum,
427 1390 618 1473 Romulum,
635 1389 849 1473 Aventinum,
866 1337 1017 1474 Piocam,

92 1495 298 1584 Amulium,
308 1490 533 1576 Numitorem,
562 1503 629 1556 tum
652 1516 670 1556 e
692 1493 805 1556 lilrello
827 1493 867 1557 de
891 1494 1017 1581 origine

93 1599 197 1685 gentis
211 1595 409 1679 Romanae,
400 1616 512 1683 mque
527 1586 620 1659 multi
633 1596 806 1660 multorum
821 1597 1017 1685 scriptorum

93 1711 236 1766 veterum
251 1699 316 1763 loci
333 1707 408 1762 sunt
422 1684 570 1785 repetiti,
588 1707 620 1761 et
635 1721 652 1761 c
667 1696 803 1779 Servio,
827 1700 883 1786 qui
900 1701 957 1763 et
947 1725 1017 1788 ipse

94 1822 175 1891 saepe
190 1812 319 1868 veteres
338 1810 484 1899 auctores
501 1800 641 1883 inducit,
663 1780 732 1865 tuni
749 1826 766 1865 e
786 1825 894 1865 rerum
915 1814 1018 1889 gesta·

94 1922 161 1970 rum
180 1898 413 1992 nominumque
423 1905 574 1992 ipsorum
590 1898 704 1969 natura
721 1905 927 1992 perspicuum
944 1929 1015 1970 csse

94 2010 229 2074 videtur.
263 2002 380 2094 Neque
398 2008 459 2070 hoc
474 2005 605 2093 negabit
618 2006 835 2089 Nielurlrrius,
857 2032 932 2072 uam
947 2031 1015 2072 eos·

93 2111 179 2195 dem,
196 2119 233 2174 nt
246 2109 381 2197 opinor,
392 2108 566 2189 intettcxit,
582 2132 679 2195 quum
693 2109 830 2190 diceret,
851 2112 1015 2203 „sa'nqulu

92 2214 273 2311 „quoeclitm
291 2214 427 2274 nomina
447 2210 482 2273 in
501 2208 620 2274 tabulis
638 2210 778 2298 antiquis
797 2211 913 2276 tradita
932 2238 1015 2298 esse,

92 2316 262 2402 „indeque
284 2313 489 2377 circumferri
511 2311 644 2378 videri“
666 2309 682 2398 (
688 2313 801 2377 histor
820 2313 915 2379 Rom.
936 2315 1014 2381 Vol.

89 2416 160 2506 l'p.
179 2411 288 2502 228).
415 2420 419 2427 '

132 2520 287 2586 Attamen
303 2519 432 2582 Aeneas
448 2516 589 2601 Silvius,
610 2463 716 2602 Alba,
738 2517 872 2608 Epitus,
895 2519 1015 2615 (lappa,

93 2623 266 2713 Calpetus,
280 2619 429 2708 Agrippa
443 2644 519 2683 num
533 2620 729 2707 antiquiores
744 2621 818 2706 sint,
831 2644 926 2741 quana
936 2625 1016 2688 Ale·

91 2727 207 2791 xamlri
218 2724 351 2812 scripta,
366 2723 399 2786 id
411 2723 541 2810 quidem
553 2747 618 2786 nou
630 2724 699 2787 sine
711 2747 820 2788 caussa
833 2726 867 2788 iu
883 2726 1015 2789 dubium
1103 2736 1104 2741 ’

92 2829 308 2897 revocandum
324 2844 395 2890 esse
410 2826 545 2890 videtur.
574 2827 699 2890 Praeter
713 2827 833 2892 Albam
848 2839 880 2891 et
894 2830 1015 2916 Agrip·
1030 2836 1033 2843 '

89 2945 169 3018 pam*
184 2940 260 2994 sunt
282 2928 409 2993 nomina
431 2928 586 3012 Troiana3
617 2929 683 2992 haec
704 2929 803 3016 igitur
827 2928 1016 2994 Alexander
1067 3013 1069 3020 Ι

91 3036 207 3099 ceteris
231 3032 429 3113 inseruisse,
457 3041 492 3094 ct
512 3031 556 3094 ita
581 3031 669 3094 illam
693 3033 810 3096 seriem
836 3033 1015 3097 confecisse

90 3138 235 3223 ridetur,
259 3158 330 3224 quac
347 3144 420 3222 post
437 3157 509 3196 cum
526 3135 559 3196 in
578 3133 673 3197 libris
691 3135 851 3198 historicis
867 3136 1015 3201 obtinuit.

95 3274 129 3287 —-
151 3241 224 3327 Ego
239 3262 305 3301 nou
321 3237 468 3300 arbitror.
491 3234 578 3300 Sunt
591 3236 689 3301 verba
703 3235 871 3302 Ciceronis
886 3261 903 3302 e
917 3240 1014 3320 lilrro,

89 3343 147 3430 ¹qui
162 3344 286 3407 Brutus
300 3339 475 3426 inscriptus
491 3348 557 3421 est,
579 3340 681 3403 lraecce
696 3336 784 3427 (cap.
801 3337 895 3426 lss.)e
917 3344 1015 3425 „Nee

88 3469 197 3529 „vero
213 3446 316 3509 lralreo
328 3464 524 3530 quemquam
539 3441 764 3529 antiquiorem,
780 3443 870 3509 cuius
886 3444 1017 3532 quidem

89 3551 240 3637 „scripta
262 3545 455 3634 proferenda
474 3554 603 3632 putem,
624 3544 689 3609 nisi
704 3568 803 3632 <quem
818 3543 911 3634 Appi
929 3545 1017 3612 caci

89 3650 224 3737 ¹„oratio
240 3652 308 3713 laec
322 3647 393 3738 ipsa
405 3647 445 3712 de
454 3638 585 3738 'Pyrrho
598 3656 630 3711 et
643 3647 810 3712 nonnullae
817 3646 1023 3715 mortuorum
1100 3687 1101 3690 ι

825 3750 848 3814 7
