2288 4208
406 551 408 570 t
486 488 582 562 μῶν
608 484 691 567 XV.

484 642 722 737 Εμίιηθῑνιιηιι,

205 812 304 904 Quod
325 815 387 899 iis,
410 813 467 905 qui
491 812 628 892 maxima
651 817 816 889 volumina
834 819 1051 910 scripserunt,

137 919 328 1008 plerumque
359 943 418 984 usu
449 920 574 987 venisse
600 920 766 1006 videmus,
780 917 828 986 ¹id
856 923 936 988 mihi
950 944 953 950 ‘
969 947 1051 993 nuno

77 1040 81 1048 ·
137 1023 253 1086 accidit
278 1022 312 1091 in
340 1023 492 1104 minimo,
520 1031 555 1087 ut
578 1022 709 1088 habeam
722 1040 741 1104 ‚'
755 1049 836 1112 quac
861 1050 960 1114 quum
984 1029 1048 1092 suis

135 1123 218 1188 locis
234 1125 507 1215 praetermiserint,
525 1125 604 1201 mihi
622 1127 687 1191 sint
702 1127 736 1190 in
750 1129 814 1191 {ine
828 1129 925 1193 totins
940 1131 1048 1220 operis

134 1227 322 1298 aaliieicnda.
370 1228 451 1299 Dies
483 1229 568 1292 enirn
598 1229 683 1293 diem
714 1230 830 1315 docet,
857 1253 893 1294 ae
921 1231 1047 1297 tametsi

134 1331 276 1394 nondum
296 1330 375 1394 mihi
393 1330 488 1402 liceat
508 1329 616 1394 dicere
637 1317 787 1415 γηράσκω
808 1321 837 1394 δ’
852 1327 918 1396 αἰεὶ
937 1326 1046 1402 πολλοὶ

133 1423 383 1525 διδασκόμενος,
418 1431 495 1498 licet
529 1442 633 1497 tamen
664 1433 839 1520 praedicare
870 1438 1044 1539 „quotidie

132 1537 289 1632 „aliquid
313 1536 489 1606 addisco.“
530 1534 574 1610 Et
601 1545 687 1606 recte
716 1535 751 1600 id
779 1534 910 1629 'quidem
938 1540 1044 1603 faeere

129 1638 210 1704 mihi
230 1639 343 1704 videor
353 1685 364 1721 ,
386 1662 457 1702 nam
476 1661 602 1727 semper
619 1637 740 1708 homini
755 1639 902 1716 ¹studioso
921 1632 1045 1730 aliquid

113 1753 179 1807 cst
212 1742 386 1828 legendum
419 1730 450 1814 et
483 1734 691 1822 discendum
726 1766 791 1806 non
824 1751 860 1806 ut
892 1767 1043 1830 magnum

129 1828 303 1935 quidquam
319 1854 412 1932 atquc
428 1842 604 1915 inauditum
619 1854 710 1908 antea
725 1844 867 1931 quotidie
882 1846 1041 1930 addiscat,

128 1939 184 2013 scd
217 1947 311 2012 etiarn
336 1956 372 2008 nt
398 1936 556 2034 intelligat
588 1941 644 2031 ca,⁴
674 1938 847 2034 quaesibi
873 1948 981 2035 primo
1007 1951 1040 2014 iu

124 2059 264 2126 ruentem
280 2048 406 2122 vonisse
423 2048 491 2135 ipse
508 2047 699 2131 arbitratur,
717 2071 799 2137 saepe
811 2047 894 2114 'aliis
909 2074 1039 2140 quoque

102 2151 224 2229 ¹nr'ulto
251 2159 322 2212 arrtc
348 2173 413 2218 non
443 2150 545 2213 solum
569 2149 605 2213 in
633 2160 772 2215 mentem
801 2151 950 2236 venisse,
981 2155 1038 2236 sed

16 2253 20 2259 ’
124 2234 217 2316 etiarn
237 2252 354 2317 litteris
372 2252 499 2340 prodita
520 2275 598 2316 csse.
641 2252 679 2316 ld
697 2253 781 2340 quod
802 2252 866 2339 ego
883 2268 1038 2343 expertus

121 2378 192 2431 sunt
215 2355 250 2425 in
273 2356 334 2425 hoe
362 2355 474 2430 libello
505 2354 651 2437 duobus⁷
680 2354 766 2442 quod
795 2357 915 2439 sciam,
944 2359 1035 2424 locis.

117 2457 301 2542 Numquae
321 2458 355 2521 in
375 2457 579 2534 annotatione
601 2456 640 2520 ad
661 2446 728 2546 cap.
745 2457 780 2523 II
799 2459 951 2546 pluribus
973 2486 1034 2553 ego

116 2560 273 2647 exposui,
295 2571 330 2625 ut
351 2561 601 2627 demonstrarem
617 2560 771 2630 Hessium
789 2560 824 2634 in
842 2563 1035 2650 explicanda

115 2662 257 2726 dictione
284 2652 330 2747 μή
357 2661 461 2735 καλῶς
484 2651 540 2748 τὴν
565 2652 649 2748 ὥραν
676 2659 913 2746 διατεθεῖσθαι
943 2666 1033 2732 Plut.

4 2752 6 2756 ¹
113 2765 208 2831 Brut.
240 2789 308 2853 cap.
333 2767 356 2828 6
393 2787 538 2845 errasse,
571 2762 738 2833 Anriotum
769 2775 875 2828 autom
905 2780 1033 2835 rectum
1088 2799 1091 2805 ·

111 2868 248 2950 vidisse,
269 2867 378 2940 eadem
400 2866 599 2931 Schoedcrunr
617 2866 711 2932 video
729 2866 887 2954 appositis
906 2878 1033 2936 tantum

112 2973 292 3060 argumenti
324 2970 392 3044 sinc
419 2969 594 3041 testimonii
622 2969 737 3043 litteris
765 2969 970 3062 principibus
995 2975 1031 3040 in

80 3083 82 3088 ’
110 3075 315 3143 annotatione
347 3074 386 3138 ad
415 3072 582 3139 Plutarchi
612 3072 750 3140 Brutum
782 3071 942 3141 docuisse.
987 3079 1031 3153 Et

107 3305 135 3349 κ.
153 3305 180 3352 e.
201 3279 229 3343 λ.
250 3279 421 3360 annotavi,
444 3302 555 3343 corum
577 3301 723 3364 magnam
746 3291 870 3366 partem
892 3287 1029 3372 reperio

106 3384 142 3449 in
163 3379 280 3445 Bnclrii
300 3379 363 3443 mci
382 3379 519 3459 libello,
539 3379 595 3467 qui
614 3373 787 3468 inscriptus
808 3393 857 3446 ost
878 3383 1027 3473 Gattaei,

110 3486 246 3572 Tyrtaci
254 3530 266 3564 ,
287 3482 366 3547 Arii
382 3485 568 3549 carminum
589 3507 674 3579 quae
694 3496 900 3571 supersunt,
924 3517 959 3580 p.
978 3495 1028 3560 82

105 3614 176 3676 sqq.
203 3625 234 3634 -
284 3585 443 3651 Convenit
477 3585 555 3649 milri
591 3609 663 3650 cum
697 3586 756 3652 illo
789 3589 828 3652 de
862 3596 1027 3662 vocabulo

102 3693 347 3777 neres-doyevei'g,
370 3689 409 3752 dc
434 3687 467 3752 vi
491 3687 663 3753 verborum
688 3681 839 3764 ειῗθείαις
865 3681 1026 3786 ῥήτραις,
