2288 4208
795 254 1036 364 ”eu

77 451 80 472 Ι
106 478 337 576 ‘antiquitatem
354 509 456 574 ames,
476 486 584 555 alr-liis
601 486 775 555 abhorreas
791 506 823 537 ‘—
832 488 911 575 ,sed
927 497 1037 554 tamen

111 615 177 655 non
208 592 281 679 pari
309 591 415 657 studio
446 617 499 658 eas
530 594 756 682 amplecteris-3
787 616 839 657 me
867 616 947 659 vero
980 614 1038 657 eae

111 695 249 761 mirifice
268 696 446 787 oblectant,
469 721 529 762 nec
546 697 624 765 milri
643 696 765 790 gratius
783 720 930 785 umquam
944 697 1038 789 'quic-

111 822 209 887 quam
233 799 308 862 fieri
328 800 461 888 potuit,
485 824 587 889 guam
615 800 700 890 quod
724 802 785 866 hoc
811 823 931 887 munus
959 800 1040 866 mihi

107 903 224 968 datum
246 911 296 967 est
315 903 349 968 in
363 906 439 969 'hoc‘
453 905 531 969 ludo
556 905 737 988 litterario,
758 915 795 969 ut
815 928 868 971 eas
888 904 1040 989 docerem
1122 914 1125 921 '

114 1015 146 1070 et
159 1006 463 1095 ,hactsaluberrima
489 1008 635 1074 doctrina
657 1008 896 1074 adolescentum
915 1006 1040 1073 animos

115 1109 305 1177 erudirem·
322 1137 430 1201 neque
452 1122 558 1178 tamen
574 1113 685 1177 >minus
706 1136 757 1178 me
779 1113 918 1177 oblectat
940 1111 1041 1179 studi·

114 1234 169 1276 um
190 1236 302 1278 rerum
324 1217 527 1304 antiquarum
545 1217 739 1305 cognitionis
759 1215 1041 1297 accuratissimae,

115 1315 206 1381 euius
234 1318 284 1381 rei
308 1328 407 1382 testes
432 1319 517 1405 facio
540 1320 731 1408 lias'ipsas,
759 1343 838 1407 quas
865 1317 927 1382 tibi
953 1340 1043 1383 nunc

117 1422 217 1484 offero
236 1419 397 1510 primitias,
411 1421 590 1487 studiorum
608 1447 761 1487 meorum.
777 1461 810 1471 -
836 1419 1042 1510 Quamquam

117 1532 223 1588 antem
255 1522 424 1589 dissimilia
453 1535 527 1589 sunt
557 1536 667 1590 nostra
696 1527 820 1610 studia,
848 1537 879 1590 et
903 1526 955 1608 is,
985 1522 1043 1612 qui

96 1621 98 1627 ’
118 1624 197 1691 elios
218 1626 366 1715 hpmines
387 1626 476 1692 nulla
497 1629 733 1694 necessitudine
753 1630 838 1693 inter
857 1653 892 1693 se
911 1628 1043 1692 coniun-

118 1738 185 1792 ctos
203 1730 251 1793 'ad
278 1739 431 1795 summam
454 1730 705 1796 familiaritatem
728 1733 885 1796 adducere
911 1741 1042 1819 potest,

119 1832 307 1898 corumdem
339 1833 517 1896 studiorum
551 1859 660 1918 amor,
690 1836 753 1901 nisi
782 1835 872 1898 abest
899 1835 996 1922 plane
1023 1836 1073 1899 u=

118 1945 227 1999 nostra
247 1932 499 2020 coniunctione,
519 1946 625 2001 tamen
641 1959 710 2003 non
731 1934 837 2001 tantus
858 1946 924 2020 est,
945 1961 1043 2025 quan·

77 2069 80 2079 ·
118 2047 171 2101 tus
197 2061 270 2102 esse
296 2040 420 2127 possit,
436 2041 627 2127 'memineris
645 2051 680 2103 tu
701 2050 806 2105 tamen
830 2041 967 2128 opinor,
989 2063 1042 2105 me

119 2163 249 2228 semper
276 2164 407 2235 operam
436 2143 583 2227 dedisse,
604 2153 640 2207 nt
666 2144 726 2208 tihi
753 2146 934 2232 placerent,
957 2166 1040 2232 quae

123 2266 181 2329 ego
207 2242 434 2308 fecissemaut
460 2243 677 2332 laborassem,
700 2270 799 2334 quare
824 2248 920 2311 etiam
941 2269 1043 2329 nunc,

127 2345 247 2411 etiamsi
278 2349 373 2414 video
401 2347 639 2413 alienissimum·
662 2371 731 2413 esse
760 2349 928 2434 ingenium
953 2359 1045 2413 tuum

71 2482 73 2486 .
102 2449 105 2454 ’
123 2447 161 2513 al)
177 2450 239 2514 lrac
258 2450 369 2515 subtili
385 2474 421 2514 ac
435 2472 527 2538 paene
543 2451 637 2515 anxia
654 2453 848 2515 scrutatione
862 2460 1046 2539 temporum

122 2562 154 2617 et
170 2551 284 2616 rerum
305 2553 529 2640 antiquarum,
553 2562 679 2633 tamen,
700 2577 799 2640 quum
815 2564 850 2617 tu
870 2565 901 2617 et
921 2553 1043 2617 amicus

122 2654 168 2720 sis
189 2655 333 2720 historie
353 2655 491 2741 antiquae
503 2701 513 2736 ,
536 2668 642 2742 neque
664 2655 815 2742 ignores,
839 2667 975 2743 quiantae
994 2655 1044 2738 ei,

86 2824 89 2835 ,
122 2759 179 2847 qui
206 2759 242 2823 in
272 2757 361 2822 illam
390 2756 551 2844 inquirat,
584 2747 790 2821 offundantur
820 2758 1046 2839 difficultates,

122 2871 156 2925 et
176 2860 331 2950 prudenti
356 2858 462 2922 studio
491 2860 671 2926 litterarum
697 2860 810 2924 ductus
836 2862 959 2925 nullant
978 2885 1048 2925 rem

121 2976 187 3029 mm
220 2962 370 3051 pusillam
401 2985 473 3025 esse
502 2962 634 3042 credas,
664 2957 761 3049 quani
786 2986 852 3026 non
878 2963 1048 3063 permagni
1095 3006 1098 3012 -

120 3066 251 3134 intersit
276 3066 432 3130 illustrari
459 3065 554 3129 etiam
580 3088 702 3129 summo
724 3066 834 3129 labore
854 3077 885 3128 et
902 3075 1048 3130 accurata

102 3169 312 3260 cognitione
341 3166 646 3254 comprehcndi,et
662 3167 735 3255 ..ipsc
761 3191 827 3231 non
850 3168 954 3232 minus
975 3169 1049 3258 sul)-

122 3274 174 3339 tili
193 3272 385 3337 tractatione
407 3293 516 3333 rerum
541 3269 819 3356 grammaticarum
842 3278 873 3333 et
895 3271 1048 3334 historiae

122 3377 304 3442 litterarum
336 3373 515 3437 studiorum
548 3372 680 3435 edoctus
713 3372 807 3435 ctiam
840 3373 935 3436 huius
959 3374 1048 3450 ,artis

101 3476 436 3566 -intelligentissimus
465 3476 510 3539 sis
539 3473 730 3556 aestimator,
764 3475 954 3563 persuadeas
988 3475 1050 3551 tibi

69 3652 72 3656 ,
125 3582 241 3664 velim,
264 3595 316 3645 me'
336 3579 472 3645 multum
487 3576 663 3666 temporis,
686 3577 823 3644 multum
842 3576 963 3642 lalsoris
983 3601 1048 3647 non
1102 3622 1107 3633 ι
