2288 4208
136 515 188 556 mc
205 491 324 581 petisse
330 537 341 578 ,
363 495 400 558 ut
417 507 479 580 ego
498 486 561 559 iem
579 510 730 561 recusare
745 510 812 559 non
826 510 970 583 possem,
992 512 1059 561 non
1078 575 1080 589 .

78 653 81 657 .
136 594 254 681 igitar,
276 594 310 669 si
321 617 385 681 epo
403 593 446 661 A.
461 593 578 660 Albini
600 595 807 661 excusatione
828 619 906 660 usus
927 620 1001 679 ero,
1023 608 1061 661 tu

103 736 105 746 =
136 691 182 766 Μ.
204 695 336 762 Catonis
360 720 531 787 personam
556 721 668 786 geres,
699 700 757 764 sed
778 722 911 783 vercor,
940 723 981 763 ne
1003 697 1062 763 alii

137 799 235 865 nimis
257 801 322 864 sint
343 798 451 866 severi
471 788 588 866 loturi:
611 795 696 890 apati
716 788 779 866 hos
796 795 856 866 tibi
876 802 947 866 mea
965 825 1063 893 exeu-

136 904 217 969 satio
240 902 302 966 erit
322 904 543 992 suscipienda,
567 904 654 993 quod
674 913 707 967 tu
729 903 812 995 milri
829 914 942 990 arrctor
958 904 1063 985 fuisti,

132 993 225 1071 m'id
245 1001 494 1089 committerem,
520 1007 607 1094 <prod
629 1006 767 1072 fortasse
789 1006 930 1095 cuipiam
951 1024 1064 1094 repre·

135 1107 342 1173 hendendum
364 1110 518 1176 videatur.
563 1108 633 1174 Sed
649 1133 755 1197 ,quum
776 1110 920 1174 timidior
944 1109 1004 1173 sim
1026 1109 1062 1173 in

134 1200 241 1302 primo
264 1211 352 1278 libro
373 1208 566 1306 emitterrdo,
591 1204 627 1276 ac
650 1231 741 1300 paene
765 1213 879 1277 anxius
902 1238 998 1301 quam
1021 1214 1065 1277 sit

134 1316 314 1404 placiturus
330 1316 432 1380 dicam
448 1340 487 1379 an
505 1314 728 1403 displiciturus
744 1315 848 1379 doctis
865 1316 1063 1397 hominihus,

132 1429 240 1492 tamen
260 1419 295 1483 in
316 1402 376 1484 liae
395 1418 499 1484 animi.
514 1403 733 1483 sollicitudine
752 1417 855 1496 idme
874 1419 1061 1483 consolatur

56 1546 58 1551 ’
133 1508 389 1609 ipuodammorlo,
412 1522 500 1610 quod
516 1521 687 1586 consilium
703 1545 810 1585 meum
827 1521 926 1608 aequis
945 1532 976 1585 et
990 1546 1061 1589 cru·

87 1619 90 1633 ¹
134 1623 211 1688 ditis
227 1617 412 1689 hominibus
438 1615 533 1688 facile
557 1642 609 1688 me
627 1623 765 1711 probare
787 1646 883 1711 posse
898 1624 1060 1711 intelligo.

79 1781 83 1786 .
133 1725 208 1793 Non
231 1729 317 1790 enim
337 1726 551 1815 plurimorum
570 1725 740 1813 aequalium
761 1750 905 1790 meorum
920 1728 1061 1814 vestigia

134 1828 227 1918 sequi
245 1831 352 1914 volui,
380 1829 523 1917 quinon
547 1828 752 1893 conscribere
774 1828 837 1915 ipsi
858 1828 977 1912 libros,
1000 1831 1060 1895 sed

134 1956 313 2021 congerere
332 1928 470 1996 aliorum
490 1930 574 2015 dicta
592 1930 720 2021 solept,
737 1928 777 1993 (le
793 1931 883 1994 nulla
898 1955 934 1994 re
952 1933 1059 1999 minus

132 2035 281 2120 solliciti,
300 2060 396 2124 quam
410 2034 489 2124 quid
502 2058 632 2116 verum,
651 2033 729 2120 quid
744 2033 859 2097 salsum
874 2034 929 2099 sit:
951 2059 1058 2124 neque

133 2139 220 2231 enim
242 2133 418 2228 scriptores
438 2137 570 2203 Graeeos
593 2147 646 2201 aut
666 2136 820 2219 Latinos,
843 2139 900 2200 sed
921 2141 1059 2204 novissi·

131 2252 201 2339 mos
217 2265 363 2331 quosque
377 2252 497 2306 nostrae
516 2240 633 2322 aetatis,
657 2239 713 2327 qui
736 2239 775 2302 dc
796 2239 894 2303 rebus
907 2241 1057 2329 antiquis

131 2347 350 2434 scripserunt,
379 2345 585 2433 pervolutare
609 2353 867 2427 consueverunt,
896 2355 932 2407 ut
958 2344 1057 2410 facile

131 2449 173 2513 sit
188 2449 394 2537 perspicere,
416 2447 536 2510 nullam
552 2444 731 2508 habendam
746 2469 816 2510 esse
832 2446 926 2508 fidem
942 2469 1058 2513 eorum

131 2543 278 2638 scriptis,
302 2549 421 2637 quippe
442 2549 499 2648 qui
518 2546 582 2633 ipsi
598 2548 811 2611 conliteamur
830 2547 910 2611 nilril
929 2567 1056 2634 eorum,

131 2677 201 2742 quae
225 2653 405 2740 disputent,
428 2675 462 2714 se
483 2651 643 2714 allirmarc
665 2675 778 2738 posse,
801 2651 884 2715 nihil
899 2675 933 2715 sc
952 2655 1056 2740 scire,

130 2756 194 2821 nisi
223 2757 310 2820 idem
337 2757 400 2820 iam
418 2751 468 2820 xal)
497 2754 570 2818 aliis
600 2755 785 2819 hominibus
812 2757 1057 2842 pronuntiatum

129 2882 208 2924 esse.
238 2859 312 2946 Ego
327 2882 368 2921 ne
386 2857 421 2921 in
437 2857 632 2921 contrarium
646 2857 741 2943 plane
755 2857 868 2921 vitium
883 2859 1057 2926 inciderim

129 2987 259 3029 vereor:
289 2961 420 3026 memini
445 2952 530 3024 enim
552 2969 584 3023 tc
607 2959 793 3053 mihisaepc
820 2963 1053 3048 exprobrasse,

128 3067 216 3154 quod
232 3067 338 3130 nullos
356 3066 427 3129 fere
446 3064 509 3129 nisi
526 3061 659 3127 Graecos
677 3072 730 3126 aut
743 3063 877 3127 Latinos
896 3066 1054 3151 legerem,

98 3208 101 3217 ·
129 3178 415 3251 commentatores,
439 3192 531 3255 quos,
542 3165 671 3248 dicunt,
696 3174 728 3228 et
746 3189 818 3248 eos,
841 3168 897 3255 qui
918 3170 957 3232 de
973 3171 1055 3236 anti*

127 3270 250 3359 quitata
270 3271 489 3359 seripserunt,
511 3269 644 3334 nimium
665 3268 863 3352 fastidirem,
887 3272 980 3359 quasi
1001 3297 1057 3339 eo·

124 3396 196 3438 rum
220 3374 360 3439 lectione
409 3397 451 3437 on
477 3373 733 3452 acceleraretur,
759 3370 814 3434 ed
836 3372 846 3435 i
881 3376 1055 3463 pediretur

124 3477 232 3566 potius
258 3478 401 3566 cognitio
427 3466 546 3540 rerumx
566 3473 778 3562 antiquaram.
821 3475 861 3541 ld
886 3476 913 3540 si
935 3475 1055 3544 vitium

124 3591 191 3662 est,
218 3605 325 3646 meum
350 3602 420 3645 csse
444 3573 612 3643 confiteor.
662 3576 746 3641 Nam
772 3601 834 3666 ego
860 3575 1052 3666 Scaligeros

121 3682 253 3772 quidem
270 3665 305 3751 et
319 3681 529 3753 Gasauhonos
547 3690 581 3745 et
597 3677 774 3749 Salmasios
792 3679 939 3769 aliosque
957 3682 1058 3766 illius⁴
