2288 4208
125 290 210 386 llil)

127 506 186 590 sit3
209 467 318 597 neque
343 510 429 575 enim
452 508 609 574 assentior
629 488 807 586 diuellere,
836 502 895 597 qui
915 506 1056 572 remita·

128 608 281 699 exponit,
298 622 334 676 ut
347 612 569 677 Clisthenem
560 637 665 700 ipsum
678 612 786 680 vivum
801 629 904 699 reguo
919 634 938 675 ι
951 611 1050 675 Lace·

128 715 296 781 demoniis
314 716 441 804 pulsum
463 714 642 802 significetg
665 715 795 802 quod
769 739 795 780 ιι
813 713 936 779 lactum
953 724 1049 796 esset,

127 840 196 883 uon
216 802 343 882 oinnem
362 819 430 881 eius
450 818 499 881 rei
520 818 705 882 memoriam
725 817 927 882 interituram
949 811 1059 882 fuisse

55 994 57 999 Α
127 920 280 986 arbitror
298 920 432 986 Initium
443 913 1051 986 bellialteriuslllesseniacilliodorus

126 1027 266 1093 fortasse
286 1025 320 1089 in
339 1024 471 1112 Olymp.
488 1014 619 1090 XXXV
639 1033 806 1112 posuerat,
828 1023 886 1087 ubi
908 1023 1050 1110 legimus

127 1129 215 1217 apud
235 1126 413 1193 Eusebium
434 1128 646 1216 Hieronymi,
672 1128 835 1216 Tyrtaeum
855 1126 889 1190 in
913 1124 1047 1216 Olpnrp.

127 1232 282 1297 XXXVI.
311 1230 467 1295 Proxima
481 1225 693 1294 Bibliothecae
706 1229 864 1317 particula
880 1229 914 1293 iu
929 1229 1049 1318 reliqq.

127 1335 319 1415 Vaticanu,
343 1356 412 1421 quae
439 1343 487 1396 est
512 1333 552 1396 de
570 1329 701 1399 oraculo
723 1332 821 1397 Bntto
844 1331 1048 1421 Cyrenarum

128 1437 289 1530 conditori
304 1435 409 1514 edito,
431 1433 601 1499 referenda
616 1441 663 1500 est
677 1435 717 1500 ad
732 1436 934 1525 Cyrenarum
952 1434 1048 1523 erigi·

128 1561 187 1605 nes
207 1520 658 1626 olymp.xxxvl1.2.si
674 1549 779 1604 autem
791 1533 962 1643 Diodqrus
973 1556 1051 1628 quo·

129 1663 192 1732 que
212 1641 287 1706 huic
305 1641 443 1729 tempori
459 1632 622 1762 Tyrtaeum
640 1642 770 1724 tribuit,
791 1620 998 1707 vetustiore
987 1664 1049 1706 rana

127 1746 316 1810 auctoritate
336 1752 494 1830 utuntur,
510 1770 565 1832 qur
556 1740 747 1834 'Tyrtaeum
768 1745 987 1811 recentiorem
1006 1747 1049 1810 la·

128 1850 235 1931 ciunt,
255 1871 354 1936 quam
376 1848 432 1935 qui
454 1847 684 1935 antiquiorem
706 1857 738 1911 et
760 1871 858 1935 quum
878 1847 1048 1913 Diodorus

126 1950 341 2018 Eratosthene
353 1963 448 2039 atque
457 1946 661 2038 Apollodoro
675 1950 860 2015 auctoribus
871 1951 920 2013 uti
934 1952 1047 2032 soleat,

126 2053 295 2143 probabile
309 2063 357 2116 est
367 2052 463 2117 illos
454 2072 541 2163 ipsos
552 2047 737 2142 Tyrtaeum'
727 2076 762 2115 ru
770 2051 904 2143 Olprnp.
915 2046 1047 2120 XXXV

126 2157 180 2224 vel
192 2157 337 2220 XXXVI
352 2142 537 2220 collocasse.
742 2175 744 2180 ·

190 2261 270 2325 Haec
284 2258 361 2322 mihi
379 2258 514 2323 dicenda
531 2259 639 2346 putavi
653 2255 695 2322 de
709 2253 838 2346 'spudeo
853 2259 965 2348 deque
979 2261 1048 2326 illo·

127 2389 198 2430 rum
217 2374 397 2452 temporum
415 2364 587 2441 notatione.
622 2358 719 2426 Nune
737 2362 879 2450 quaedam
898 2363 1049 2430 hocloco

126 2473 320 2558 proponam,
343 2485 411 2554 quar
430 2484 527 2553 quum
548 2464 707 2552 capitibu's
728 2456 956 2553 superioribus
976 2492 1048 2557 pan·

125 2570 207 2634 terri
220 2571 409 2657 potuissent,
428 2577 481 2632 aut
496 2568 644 2634 consulto
660 2570 708 2634 ihi
721 2585 787 2632 nou
803 2579 876 2633 sunt
892 2569 996 2655 dieta,
1008 2593 1048 2637 ue

127 2674 369 2736 annotationum
383 2671 484 2736 moles
501 2665 637 2737 nimium¹
651 2681 828 2755 cresceret,
851 2683 906 2736 aut
919 2673 1048 2740 incuria

128 2776 262 2857 omissa,
280 2785 315 2838 ut
328 2775 379 2857 lit,
398 2797 496 2862 quum
509 2775 582 2863 quis
596 2794 660 2838 non
672 2783 779 2864 potest
792 2773 922 2838 assiduo
935 2776 1051 2845 labore

127 2897 210 2965 opus
231 2877 362 2966 aliquod
380 2877 421 2941 ab
439 2876 533 2940 initio
553 2900 654 2965 usque
674 2878 714 2941 ad
731 2869 827 2942 linem
845 2876 1048 2966 perducere,

127 2981 184 3046 sed
197 2979 360 3080 inceptum
375 2974 570 3067 aliquamdiu
583 2979 797 3046 intermittere
811 2980 958 3066 cogitur,
976 2985 1048 3048 aliis

128 3106 175 3147 oe
172 3083 392 3171 upationihus
408 3082 588 3147 distractus
622 3079 673 3148 Ac
689 3082 826 3171 primurn
842 3083 1020 3171 quidem
992 3109 1049 3169 ere,

127 3210 196 3273 quae
213 3187 281 3251 dixi
297 3209 367 3274 cap
358 3186 431 3252 Xl
449 3196 556 3252 annot
570 3186 595 3253 d
613 3187 653 3250 de
671 3184 830 3274 particula
848 3187 907 3252 illa
928 3191 1049 3281 reliqq.

125 3287 297 3363 Vaticana
319 3290 438 3355 Dionis
460 3288 582 3372 Cassii,
611 3315 682 3377 quae
705 3299 755 3354 est
774 3280 840 3356 ilat
861 3288 896 3356 οἱ
921 3283 1050 3375 Φάβιοι

125 3385 182 3460 ἐπὶ
202 3415 248 3474 τῳ
270 3383 356 3478 γένει
381 3391 436 3458 καὶ
461 3392 506 3476 τῷ
531 3380 705 3475 ntodtcp'
686 3413 784 3473 οιιοια
805 3397 875 3470 τοῖς
897 3385 1051 3480 ἆοίσιοις

124 3495 318 3582 φρονοῦντες
334 3521 361 3559 κ.
379 3520 407 3561 τ.
426 3494 471 3573 h,
494 3519 588 3583 quam
607 3494 824 3582 protuleram,
846 3506 882 3560 ut
901 3503 1051 3566 osteude-

123 3620 193 3663 rem
213 3623 296 3689 saepe
310 3599 550 3687 Epitomatores
570 3597 609 3660 ab
626 3596 765 3686 ¹abrupto
784 3598 927 3685 quodam
943 3603 1051 3670 inciso

121 3703 251 3790 'saraipta
274 3728 292 3770 e
314 3700 538 3793 superioribus
558 3699 727 3788 scriptoris
748 3701 858 3767 verbis
865 3747 876 3785 ,
901 3707 1001 3773 errius
1018 3709 1050 3772 in
