2288 4208
96 496 255 589 νεωτέρου
274 493 340 579 ἔτι,
361 488 487 585 πατρός
507 484 703 585 adripis*
673 518 779 562 ων·-
810 492 961 563 Mortuus
974 484 1043 564 eis

97 604 272 699 Piratonan
288 602 526 701 Olympiadis·
510 604 561 667 95
577 624 661 701 anno
654 599 804 707 primo,
821 610 857 663 ut
876 622 915 665 eo
932 599 1025 707 Ιιιιοι
1065 682 1068 689 ⁴

98 707 136 773 de
153 684 381 796 qdo3dicin'1us
401 691 480 794 (iio.
497 686 591 771 x'ur,
609 692 678 793 cap.
675 666 766 811 75)
786 688 895 799 t'ra'dit
895 688 1026 771 iiiodo-

97 832 169 876 rnsa
192 809 345 896 regnavit
358 809 460 896 igitur
471 809 520 873 52
536 830 669 893 annos,
674 798 848 905 numeratis
864 806 932 872 illis
947 831 1026 897 qno·

99 936 181 1003 que,
215 935 299 1001 quos
322 912 382 976 suh
407 921 515 997 tutore
542 894 710 999 regnaiit,
738 906 804 976 no'n
826 911 895 995 50
923 920 960 976 ut
981 913 1027 979 ait

98 1015 286 1107 Diodorus,
308 1014 371 1107 qu'i
383 1038 448 1079 non
464 1014 587 1113 solum,
609 1012 722 1103 quod
710 1035 782 1103 lpse
796 1034 930 1104 semper
936 1016 1028 1102 fec-at,

98 1116 211 1184 etalii
231 1119 339 1184 iacere
361 1109 613 1202 consueverunt,
641 1116 713 1183 eius
733 1117 828 1204 regni
842 1118 943 1205 annis
970 1141 1029 1187 eos

98 1216 206 1303 addit,
236 1242 319 1313 qnos
344 1218 475 1285 nominc
502 1230 626 1285 tantum
642 1222 729 1303 rex,
756 1228 865 1284 tutore
890 1212 1028 1309 regnum

99 1323 360 1408 administrante,
382 1325 508 1413 exegit,
531 1324 589 1389 sed
611 1324 707 1388 etiam
727 1322 820 1413 illos,
847 1346 929 1411 qnos
951 1326 1029 1393 exul

99 1427 132 1492 iu
150 1426 298 1493 Arcadia
317 1427 424 1516 degit,
446 1436 601 1515 regnante
621 1426 782 1492 Pausania
793 1426 880 1492 filio.
901 1464 935 1475 -
966 1426 1028 1496 Sic

100 1549 163 1595 uno
188 1528 341 1619 quidem,
369 1516 489 1616 vei-um·
504 1530 698 1619 'gravissimo
726 1531 873 1620 exemplo
899 1530 1029 1624 demon·
1054 1515 1057 1523 ¹

100 1618 255 1699 suasisse
277 1633 357 1698 mihi
374 1634 510 1718 videor,
531 1656 597 1698 non
612 1632 794 1698 Diodorum
813 1658 913 1700 annos
928 1635 1030 1722 aetatis

97 1736 273 1827 pupillaris
287 1760 349 1802 una
366 1760 439 1804 cum
455 1738 571 1802 ceteris
585 1737 680 1859 regni
695 1736 788 1801 annis
801 1760 917 1825 regum
929 1722 1030 1829 Spar·

96 1852 249 1909 tonorum
266 1862 438 1905 numerare
459 1840 583 1923 solere,
605 1864 679 1905 nam
699 1841 761 1904 hoe
781 1840 873 1906 nulio
894 1841 1029 1931 negotio

97 1942 208 2033 quivis
229 1966 345 2031 regum
366 1942 486 2009 tabulis
508 1942 592 2032 apud
612 1943 794 2008 Diodorum
817 1944 1030 2031 consideratis
1138 1982 1140 1986 ⁸

95 2057 205 2136 potest
217 2045 421 2135 perspicere,
439 2045 495 2111 sed
509 2069 582 2110 eum
596 2070 663 2110 non
677 2068 753 2113 vera
766 2047 801 2111 in
794 2027 940 2113 tabulas
955 2071 1030 2115 suas

95 2152 195 2217 molle
217 2150 362 2232 referre,
385 2174 480 2238 qnam
502 2171 602 2214 annos
625 2149 726 2215 aetatis
748 2151 920 2239 pupillaris
942 2174 1032 2243 sepa·

97 2254 389 2339 ratimlnumerare.
409 2291 442 2300 —
474 2253 587 2341 Quum
605 2260 711 2317 autem
728 2252 882 2343 direrim,
903 2279 955 2319 me
970 2254 1032 2321 du·
1098 2278 1100 2283 ·

96 2358 220 2442 hitare,
247 2355 384 2446 numqui
406 2355 489 2422 alius
511 2356 653 2444 scriptor
669 2356 735 2441 sit,
763 2356 820 2445 qui
841 2356 878 2439 id
897 2356 1031 2444 iecerit,

98 2460 159 2527 hoe
180 2458 264 2525 mihi
285 2469 400 2542 restat,
422 2467 460 2522 ut
481 2468 514 2522 et
529 2458 671 2523 Miillero
690 2458 778 2547 ipso,
800 2458 873 2526 viro
891 2482 1032 2549 summo,

97 2574 129 2630 et
144 2562 271 2629 nostris
287 2560 672 2651 utriusque-lectoribus,
694 2562 723 2626 si
745 2562 876 2651 quidem
891 2587 961 2652 ego
982 2564 1031 2643 le·
1138 2578 1141 2582 ’

97 2680 208 2734 etores
229 2665 412 2750 inveniam,
435 2690 476 2731 an
490 2664 631 2754 probare
649 2665 790 2757 possim,
813 2668 973 2756 experiar.
994 2706 1028 2720 ·-

96 2772 250 2849 Primum
278 2768 382 2858 igitur
412 2778 574 2858 quaerant,
606 2767 743 2856 opinor,
775 2792 816 2835 ex
844 2794 917 2854 mc,
949 2794 1032 2861 quos

99 2875 205 2940 dicam
219 2873 302 2939 alios
315 2872 494 2962 scriptores
531 2870 617 2936 Dico
630 2880 736 2937 autem
749 2896 890 2939 summos
905 2884 1037 2953 veteres¹

100 2978 321 3065 chronologos
343 2975 586 3064 Apollodorum
612 2985 644 3038 et
668 2976 935 3061 Eratosthenem,
963 2978 1034 3067 qui.

98 3079 160 3146 hus
182 3080 351 3146 Miillcrus
377 3104 467 3158 suam
488 3070 760 3166 computationem
781 3079 913 3164 tribuit,
941 3090 975 3146 et
994 3102 1033 3146 eo

97 3186 191 3268 loco,
226 3207 323 3272 quem
344 3181 439 3247 initio
461 3180 558 3245 huius
580 3180 807 3269 disputationis
828 3182 945 3270 posui,
971 3183 1035 3274 qui

102 3299 152 3354 cst
164 3288 301 3353 historr.
318 3295 419 3375 gentt.
436 3284 553 3375 urhhq.
572 3282 697 3351 Graeco.
714 3284 793 3350 Vol.
809 3286 871 3352 ΙΙΙ.
888 3313 921 3376 p.
941 3290 1033 3372 502,

102 3402 134 3456 et
148 3391 273 3458 ibidem
287 3413 321 3479 p.
335 3391 430 3471 484,
450 3388 509 3461 uhi
524 3388 560 3453 in
573 3389 661 3454 hune
676 3390 747 3455 iere
761 3390 893 3459 modum
905 3391 1035 3457 locutus

100 3504 165 3560 este
194 3492 307 3578 „Inde
328 3492 558 3580 emigratione
579 3492 830 3557 Heraclidarurn
851 3503 1035 3580 temporum

97 3597 332 3681 „notationem
359 3585 636 3682 chronologorum
657 3591 960 3660 Alexandrinorum
986 3618 1035 3662 se·
1075 3634 1078 3638 ·

99 3722 235 3791 „quora
257 3722 353 3787 qnam
369 3691 430 3768 n'os
447 3699 619 3767 restituere
637 3720 826 3791 possumus,
852 3697 1036 3787 examinare
