2288 4208
782 353 787 367 ,
911 264 1026 343 aaa

76 460 214 559 ,χρόνοι
239 469 466 555 συνίστανται,
499 496 598 564 quum
627 474 829 556 nesciamus,
860 469 914 538 cui
943 495 1029 537 anno

102 576 271 661 Diodorus
285 575 452 643 interitum
466 579 558 664 regni
572 574 703 666 Assyrii
717 575 934 664 adscripserit,
951 601 1031 664 prae·

103 664 329 764 termittimus,
357 703 549 768 quamquam
570 703 635 744 non
657 679 824 743 defuturos
846 689 942 766 puto,
972 677 1029 766 qui
1105 688 1108 693 '

102 780 171 846 lraec
193 803 323 870 qnoque
342 806 407 848 non
426 782 592 862 Diodoro,
618 780 676 845 sed
693 782 837 846 Eusebio
859 777 1031 846 tribuenda

57 912 61 975 ᾖ
104 883 404 947 esse-arbitrentur.
449 883 518 949 Sed
538 883 661 948 etiamsi
682 885 855 968 sciremus,
877 885 916 948 ad
936 907 1046 972 quem,

103 1007 226 1051 anunm
244 986 441 1050 Diodorus
432 988 561 1075 lmperir
551 986 794 1076 Assyriorum
816 1011 962 1052 occasum
984 1009 1033 1052 re·

73 1159 78 1167 ‚
103 1089 261 1170 tulerit,
257 1090 409 1155 etiamsi'
399 1115 427 1155 1s
447 1101 530 1154 esset
548 1115 648 1154 eunus
667 1090 860 1192 centesimus
879 1070 952 1155 anti
966 1092 1033 1178 pri·

102 1214 190 1256 mam
213 1190 462 1295 Olympiadem,
490 1204 596 1256 temen
622 1213 721 1280 quum
744 1179 849 1279 regni
861 1192 1033 1260 Medorum

103 1318 208 1360 annos
231 1319 250 1359 a
271 1283 394 1359 Deioce
419 1296 546 1362 demum
571 1314 739 1361 numerare
764 1295 895 1385 coeperit
907 1341 917 1376 ,
945 1295 1034 1382 quod

104 1397 183 1462 setis
207 1420 305 1485 snpra
325 1397 480 1485 probasse
504 1397 582 1462 milri
603 1398 745 1480 videor,
764 1408 795 1460 ct
818 1420 917 1485 quum
939 1396 1033 1484 regni
1061 1464 1064 1480 ¹

103 1497 283 1588 Babylonii
310 1499 378 1565 sive
407 1498 566 1582 Chaldaei,
597 1499 685 1587 qnod
709 1499 873 1586 etipsum
895 1523 1034 1586 regnum

103 1600 280 1690 Assyrium
293 1601 466 1690 appellant,
482 1612 513 1665 et
526 1601 743 1665 cuiusauctor
757 1611 805 1665 cst
817 1599 850 1664 N
851 1603 1034 1687 abenassar,

103 1706 231 1771 nnllam
250 1705 368 1770 fecerit
389 1706 601 1786 mentionem,
623 1704 687 1769 nisi
701 1706 796 1792 ¹quod
816 1705 971 1795 Belesym
993 1704 1033 1772 ab
1132 1702 1134 1707 ¹

102 1804 237 1874 Arbace
264 1832 376 1895 regem
398 1807 579 1897 Babylonis
605 1831 675 1872 csse
699 1808 906 1871 constitutum
935 1807 1034 1893 dixit,

102 1933 201 1976 nemo
226 1913 346 1998 opinor
368 1910 586 1973 demonstrare
609 1912 737 1998 posset,
766 1908 949 1975 Diodorum
970 1935 1036 1977 non
1074 1900 1081 1917 Χ

93 2025 193 2080 -ceete
206 2013 328 2077 dixisse
342 2020 486 2099 tc'mpora
499 2013 715 2079 Macedonum
728 2013 900 2077 succedere
914 2024 1036 2102 tempo·
1084 2094 1088 2103 ἱ

102 2116 197 2182 ribus
210 2112 440 2203 Assyriorum,
459 2139 563 2203 neque
580 2115 665 2178 enim
682 2116 743 2179 alia
759 2125 808 2179 cst
822 2141 921 2204 pens,
940 2140 1036 2204 quam

96 2204 237 2310 quidem
258 2217 427 2282 Diodorus
449 2217 694 2307 memoraverit,
718 2196 809 2280 euids
832 2219 925 2306 origo
947 2217 1036 2288 inter

103 2316 323 2389 Macedonum
357 2329 389 2384 et
420 2298 634 2408 Assyriorum
668 2329 814 2408 tempora
847 2322 1033 2388 intercedat.

103 2423 217 2490 Prima
239 2423 340 2510 igitur
362 2423 461 2488 verba
483 2419 566 2485 nihil
589 2431 653 2505 cst,
679 2422 766 2509 quod
788 2445 855 2487 uon
877 2448 937 2512 pro
957 2425 1036 2490 Dio-

103 2524 216 2593 dorcis
242 2527 423 2591 habeamus.
472 2525 585 2592 Verba
614 2525 891 2615 interpretationis
912 2526 1045 2594 Latium.

102 2629 322 2719 „regnavisse
336 2629 527 2712 Perdiccam
545 2628 636 2692 annis
657 2640 729 2693 octo
746 2639 777 2692 ct
795 2630 1038 2719 quadraginta“

103 2733 316 2822 excipiuntur
333 2733 372 2797 ab
394 2733 476 2798 illis=
497 2733 565 2816 „ab
587 2756 690 2821 coque
710 2733 900 2821 dignitatem
919 2735 959 2800 ad
972 2733 1040 2802 Ar«

80 2834 239 2927 'figarum
254 2834 441 2918 devenisse,
464 2859 560 2923 quem
578 2857 681 2923 regno
700 2837 792 2900 aunis
809 2838 944 2925 triginta
959 2863 1037 2904 uno·

56 2971 61 3013 ;
103 2960 199 3027 „quc
212 2938 419 3027 perfunctum
431 2929 556 3024 excepit
567 2937 752 3026 Philippus,
766 2939 856 3004 cuius
869 2934 1036 3029 regnantis

76 3043 295 3126 „mabuntur
316 3039 392 3103 anni
412 3039 546 3126 triginta
568 3040 683 3123 tres,“
713 3064 783 3128 qnae
805 3065 871 3107 uon
894 3067 965 3108 esse
988 3065 1037 3109 se·

101 3142 248 3233 paranda
266 3167 285 3206 a
303 3141 527 3230 superioribus
548 3142 619 3231 ipsa
642 3143 840 3208 constructio
862 3143 1037 3214 verborum

103 3247 278 3313 ostendere
295 3245 433 3310 videtur.
455 3243 586 3332 Regum
599 3243 705 3310 autem
719 3248 858 3339 horum,¹
869 3250 934 3315 nisi
948 3251 1038 3340 quod

105 3343 353 3433 enumerantur,
381 3348 471 3414 nulla
492 3349 562 3433 fore
583 3351 702 3426 mentio
726 3352 762 3414 fir
786 3353 871 3440 apud
894 3352 1038 3419 historiae

87 3454 272 3536 auctores,
296 3452 501 3541 quiquidem
520 3453 559 3518 ad
578 3476 636 3516 nos
656 3468 886 3541 pervenerunt.
919 3452 1038 3544 Sequi·

101 3567 159 3623 ¹tur
179 3545 357 3644 Ἀερόπας,
380 3557 419 3620 de
440 3579 504 3645 quo
524 3556 620 3644 plura
639 3555 722 3621 dixit
738 3558 899 3641 lustinus,
922 3569 959 3622 ut
974 3559 1038 3627 iam

103 3660 194 3727 hand
220 3657 415 3726 incredibile
443 3660 507 3743 sit,
536 3661 622 3724 laune
651 3681 709 3725 sna
735 3669 826 3726 aetate
848 3685 867 3726 a
889 3661 1038 3730 Diodoro
1071 3684 1074 3689 ’
1135 3661 1137 3665 ’
