2288 4208
821 354 824 361 =
938 300 1021 381 stt

87 478 230 598 ,amm
263 507 456 594 ranno-s,
495 509 713 577 ammom
745 506 786 576 ο
821 505 1023 576 aaronem

101 612 221 694 „tiliae
254 623 395 678 amatore
423 612 561 679 fortasse
597 596 769 704 scripserat
796 611 963 677 Diodorus
988 618 1024 676 ct

102 716 197 804 „pro
219 715 387 780 mendacio
411 735 480 780 rem
503 738 612 781 veram
633 713 824 805 posucrat.“
867 713 1023 779 Profecto
1069 778 1070 781 ,
1124 796 1126 800 ¹

102 816 204 903 longe
224 815 320 881 aliter
334 816 504 905 scripsisse
518 815 700 902 Diodorus!
705 816 766 882 tihi
780 816 940 906 putandus
955 823 1023 897 est,

101 917 134 983 si
166 941 209 982 cx
240 928 296 984 tna
325 918 568 1009 ratiocinatione
601 929 676 1009 post
707 919 839 1009 Olpmp.
874 918 967 985 XIV.
1000 917 1042 1011 l,

101 1019 333 1088 Aristodemus
360 1021 460 1086 tiliam
486 1023 629 1105 necavit,
658 1022 789 1104 eodem,
817 1031 854 1085 ut
875 1021 1023 1111 videtur,

102 1146 210 1209 anno,
239 1145 305 1213 qno
337 1133 438 1197 semet
466 1124 537 1211 ipse
564 1124 735 1190 interemit.
784 1121 869 1205 sed,
898 1132 934 1186 ut
960 1124 1024 1190 hoc
1102 1194 1107 1206 ‚

102 1224 287 1308 mittamus,
308 1223 387 1313 quid
410 1225 539 1313 scripsit
560 1218 735 1291 Pausanias
756 1225 814 1291 til».
835 1225 887 1290 lv
906 1248 975 1312 cap.
997 1224 1022 1290 9

103 1325 136 1417 §.
157 1328 209 1394 ut
250 1316 360 1415 Ἀνὴρ,
382 1320 525 1417 inquit,
564 1326 630 1395 τῶν
664 1324 857 1414 Μεσσηνίων
893 1323 909 1414 (
920 1317 958 1392 τί
985 1322 1024 1392 δὲ

102 1421 211 1512 ὄνομα
235 1417 278 1493 ου’
302 1424 469 1516 λέγουσιν)
489 1424 572 1516 ἐρῶν
595 1424 687 1512 ἔτυχε
710 1430 770 1497 τοῦ
789 1414 1024 1518 Ἀριστοδήμου

102 1529 165 1618 τῆς
179 1521 346 1620 θυγατρός
352 1577 365 1612 ,,
381 1518 455 1596 orire
470 1528 506 1594 δὲ
524 1525 642 1611 ἔμελλε
657 1530 712 1598 καὶ
728 1536 863 1618 γυναῖκα
880 1521 1025 1612 ἄξεσθαι

84 1624 135 1698 «κ.
170 1655 201 1698 τ.
236 1631 265 1696 λ.
306 1668 339 1680 ·-
391 1632 567 1699 Pausanias
587 1628 703 1700 ¹multo
737 1645 811 1723 post
843 1634 1025 1699 Diodorum

104 1732 260 1823 scripsit,
275 1782 277 1785 -
295 1735 352 1799 sed
391 1736 501 1823 sponsi
534 1735 623 1805 illius
660 1760 778 1802 nomen
814 1737 923 1801 dicere
957 1759 1026 1804 nou

104 1835 234 1929 potuit,
264 1837 351 1925 quod
376 1839 435 1925 qui
461 1849 536 1904 ante
565 1863 637 1913 cum
662 1841 874 1929 scripserant,
902 1838 936 1904 id
956 1861 1041 1906 uon
1124 1902 1130 1922 ,

106 1939 305 2023 retulerant,
346 1931 384 2005 sti
419 1933 456 2004 tt
498 1930 601 2021 ivone
643 1934 685 2007 ου’
719 1939 866 2028 λέγουσιν
897 1940 1024 2031 inquit,
1083 1944 1100 1950 ”

104 2042 258 2135 Diodoro
292 2039 395 2130 igitur
428 2066 494 2108 uon
527 2045 629 2132 magis
664 2055 772 2110 notum
807 2043 918 2110 inisse.
941 2043 1026 2110 illud

104 2168 246 2226 nomen,
274 2160 371 2234 quam
397 2144 593 2230 Pausaniae,
613 2143 785 2237 lpotemus,
814 2170 886 2211 num
911 2145 940 2210 si
966 2146 1025 2210 ille

105 2239 144 2317 ist
164 2244 346 2330 retulisset,
369 2247 551 2336 antiquiore
557 2295 568 2333 ,
599 2258 748 2339 utputo,
770 2249 928 2337 scriptore
949 2269 1026 2311 usus

106 2361 196 2434 esset
223 2361 370 2433 auctore,
400 2374 496 2439 quem
524 2351 551 2417 si
577 2353 686 2442 legere
711 2351 815 2442 potuit
842 2351 1027 2432 Diodorus,

106 2451 249 2520 eundem
267 2463 363 2542 atque
383 2453 516 2542 insuper
539 2454 645 2545 ipsum
667 2456 866 2539 Diodorum,
893 2451 1028 2542 opinor,

105 2558 223 2644 legere
247 2555 352 2645 potnit
376 2554 572 2624 Pausaniusz
599 2555 715 2623 mirum
743 2558 844 2646 igitur
869 2566 969 2640 esset,
996 2553 1027 2621 si

82 2661 156 2742 -is,
192 2657 251 2748 qui
288 2666 362 2748 post
395 2658 479 2726 vixit
511 2684 577 2727 non
609 2663 760 2728 rescisset
795 2683 929 2742 nomen,
967 2654 1027 2723 sed

105 2772 229 2828 motum
247 2782 321 2826 cuc
338 2773 478 2852 coeperet
484 2809 496 2843 ,
516 2787 612 2850 quum
618 2808 629 2847 ,
651 2758 706 2852 qui
723 2764 826 2827 multo
839 2771 912 2849 ante
927 2759 1027 2843 vixit,
1062 2752 1065 2761 ’

106 2865 145 2932 id
181 2862 246 2928 iam
272 2861 511 2950 investigasset
543 2888 582 2929 ac
615 2865 786 2930 memoriae
822 2861 1026 2955 prodidisset.

107 2966 151 3037 Si
168 2975 276 3031 antem
292 2965 459 3031 Diodorus
472 2989 533 3032 nec
546 2964 861 3057 posuitnomea'nee
876 2972 1027 3047 noverat,

107 3091 220 3137 nonne
240 3067 413 3135 ridiculum
432 3093 505 3134 enm
524 3070 666 3135 eiusdem
682 3069 818 3137 virtutes
834 3092 871 3133 ae
889 3067 1029 3156 gloriam

106 3173 262 3256 laudare,
280 3174 371 3238 cuins
386 3195 504 3237 nomen
519 3174 645 3239 nescit?
659 3171 858 3238 Aristodemi
871 3192 1029 3259 generum

107 3278 219 3345 virum
246 3276 365 3340 fortem
393 3298 429 3340 ac
463 3286 626 3343 strenuum
656 3276 756 3342 fuisse
781 3270 884 3341 soceri
909 3292 1030 3337 nomen

109 3387 266 3461 testatur,
290 3377 567 3467 eundcmEuphai
583 3378 655 3467 rcgi
669 3378 808 3448 amicitia
824 3377 1031 3442 coniunctum¹

111 3482 219 3548 fuisse
236 3478 411 3545 Pausanias
429 3490 546 3546 narrat.
588 3480 658 3548 set
673 3505 779 3550 noune
800 3479 891 3547 vides
910 3495 1031 3566 genero

113 3584 186 3649 sive
202 3572 322 3670 sponso
336 3578 396 3646 illo
416 3580 591 3672 codemque
604 3583 749 3674 Euphais
767 3564 855 3674 regis
872 3579 975 3647 amico
991 3575 1035 3642 ad

115 3685 262 3752 fabulam
281 3683 496 3752 adornandam
515 3708 595 3775 opus
614 3685 733 3771 tuisse,
755 3696 791 3754 ut
809 3684 1036 3755 Aristodemus

676 3813 742 3884 Μ’
789 3879 799 3888 .
