2288 4208
925 293 1002 368 171

83 495 140 560 rel
164 517 252 561 anno
278 495 324 560 18
350 492 487 561 anteU.
513 496 623 581 eonii,
650 496 707 562 sed
731 497 899 586 utramque
922 521 1007 563 anno

84 599 195 663 altero
224 597 430 687 Olympiadis
462 601 645 687 septimae,
666 624 732 741 quo
764 602 850 666 Urbs
881 602 1009 669 condita

83 711 154 785 cst,
176 702 315 789 positam
335 703 446 767 luisse

152 803 261 869 Nihili
286 805 385 880 etiarn
399 815 492 888 sunt,
515 829 596 893 quac
617 807 753 872 Maius
743 832 777 871 m
803 806 1009 872 annotatione

84 906 240 994 scripsita
266 909 362 991 „lam
387 932 465 974 vero
490 910 704 995 fragmentum
728 909 791 972 hoe
815 911 885 974 sine
910 909 1009 974 dubio

85 1009 268 1098 „pertinet
290 1009 330 1074 ad
351 1011 521 1099 septimum
542 1011 681 1075 Diodori
702 1012 836 1093 librum,
860 1014 1012 1101 quoniam

88 1135 162 1196 „ex
178 1111 324 1177 Eusebio
342 1115 452 1176 ebron.
468 1114 494 1178 l.
512 1115 572 1195 tu,
591 1114 814 1198 cognoscimus
831 1115 1012 1179 Diodorum

89 1238 176 1296 „res
210 1237 325 1300 regum
355 1214 544 1279 Latinorum
576 1226 608 1279 et
636 1216 760 1280 Romae
786 1216 881 1280 initia.
909 1240 953 1280 eo
977 1218 1012 1280 in

89 1317 212 1400 „libro
236 1317 427 1382 narravisse.
469 1318 560 1404 Ergo
583 1317 679 1381 otiam
702 1319 887 1405 superiores
905 1328 1012 1406 partes

91 1443 144 1504 „c
179 1417 318 1506 septimo
347 1423 438 1500 sunt,
479 1419 738 1507 quandoquidem
764 1422 799 1485 in
832 1432 922 1485 sexto
959 1445 1013 1485 res

93 1521 232 1606 „adbuc
251 1532 324 1585 ante
345 1521 474 1588 Troiam
491 1531 614 1608 captam
634 1522 734 1587 fuisse
755 1526 1013 1611 comprehensas,

94 1623 220 1707 „testis
254 1633 302 1686 est
333 1622 402 1709 ipse
431 1623 598 1693 Diodorus
623 1623 659 1688 in
686 1627 873 1711 prohoemio
904 1629 1014 1715 operis

94 1749 198 1813 „cap
228 1725 290 1790 lv.
330 1724 440 1811 Quare
468 1725 713 1813 Wesselingius
741 1730 780 1792 Τ.
806 1728 850 1793 ll.
880 1754 911 1817 p.
940 1733 1013 1796 54ss

95 1852 182 1912 „res
217 1828 300 1892 sexti
335 1827 414 1891 libri
448 1828 632 1893 discernere
670 1830 833 1894 debuisset
873 1832 912 1896 ab
948 1834 1015 1899 illis

96 1929 275 2019 „septimi,
297 1953 378 2017 quae
397 1954 472 1995 mox
491 1931 537 1993 ibi
561 1945 815 2018 consequuntur,
837 1959 877 1998 ne
896 1936 1017 2002 incauti

95 2034 206 2113 „forte
219 2033 357 2097 lectores
371 2032 411 2095 ad
418 2041 542 2095 sextum
555 2031 675 2098 librum
683 2045 812 2100 cunetas
824 2039 1018 2103 referrent.“

98 2135 191 2202 Sane
223 2136 308 2200 euim
337 2134 584 2222 Wesselingius
615 2136 678 2200 alio
713 2139 821 2225 potius
848 2142 943 2205 titulo
968 2144 1017 2209 uti

98 2238 213 2304 debuit
230 2237 265 2302 in
285 2237 458 2324 Excerptis
480 2238 519 2301 dc
539 2239 625 2302 virtt.
648 2249 681 2302 et
698 2241 779 2322 viu,
800 2265 872 2306 nam
893 2244 937 2325 is,
961 2247 1018 2332 qui

97 2341 234 2430 ignarus
254 2337 363 2426 operis
378 2339 536 2412 Diodorei
552 2339 586 2402 in
600 2341 708 2410 stante
719 2342 958 2430 Excerptorum
974 2346 1019 2410 le·

99 2453 157 2532 get
175 2443 296 2508 librum
315 2453 448 2506 sextum
466 2465 572 2529 neque
588 2453 661 2506 ante
678 2442 799 2508 librum
816 2431 1020 2523 undecimum

98 2547 206 2611 ullum
225 2545 300 2611 novi
316 2545 394 2608 libri
412 2544 541 2620 titulum
556 2545 710 2628 inveniet,
729 2548 763 2611 in
783 2573 856 2614 eum
876 2575 1021 2619 errorem

99 2649 249 2716 incidere
276 2657 399 2734 potest,
430 2656 464 2710 ut
491 2648 678 2716 omuiau'lla
704 2652 867 2740 Excerpta
882 2678 908 2718 ve
933 2655 1020 2722 libro

100 2763 194 2818 sexto
230 2751 395 2836 desumpta
434 2773 502 2813 esse
537 2750 727 2836 arbitretur,
768 2777 958 2845 quamquam
991 2762 1020 2825 si
1119 2793 1124 2806 ·

100 2863 305 2949 percurret
301 2861 424 2917 tantum
454 2852 582 2918 volante
613 2855 726 2936 oculo,
759 2859 864 2923 statim
897 2884 1020 2926 errasse

101 2983 138 3024 sc
155 2942 327 3042 intelliget,
344 2979 420 3020 sane
437 2955 621 3043 superiores
641 2958 769 3044 quidem
783 2971 890 3047 partes
906 2963 1019 3027 barum

100 3059 315 3146 reliquiarum
338 3068 467 3145 praeter
487 3058 676 3143 particulam
697 3059 735 3123 dc
759 3060 822 3152 013
807 3064 933 3152 ympico
952 3089 1018 3130 cer

99 3163 223 3228 tamine
241 3159 386 3225 instituto
406 3169 481 3222 suut
496 3159 622 3247 septimi
640 3159 729 3243 libri,
746 3172 778 3226 ct
796 3168 1017 3252 cognoscimus

101 3265 237 3355 quidem
260 3287 300 3326 ox
317 3262 460 3326 Eusebio
480 3263 660 3326 Diodorum
684 3287 736 3328 res
757 3291 870 3354 regum
889 3270 1018 3335 Latino-

101 3393 179 3436 rum
213 3367 247 3430 in
276 3365 362 3430 libro
387 3367 534 3452 'septimo
568 3365 764 3451 narravisse,
804 3372 861 3434 sed
894 3373 1018 3438 Romae

101 3471 198 3538 initia
223 3469 322 3548 abeo
349 3467 434 3532 libro
460 3468 595 3555 septimo
621 3478 746 3534 narrata
769 3495 838 3536 esse
862 3497 1019 3560 nusquam

99 3575 188 3663 legi,
211 3583 243 3636 et
267 3570 455 3659 particulam
474 3572 513 3635 de
539 3570 722 3635 certamine·
737 3571 910 3662 Olympico
929 3577 1019 3643 insti,

99 3688 175 3757 tuto
201 3699 220 3752 e
246 3673 322 3742 libri
347 3671 451 3739 octavi
476 3673 609 3738 exordio
639 3684 795 3764 sumptam
823 3701 892 3749 esse
923 3701 1018 3779 supra
1045 3707 1048 3715 ’
