2288 4208
133 264 254 386 aaa

149 470 388 549 ‘animadverto
400 519 421 555 9,
440 494 505 560 quo
535 473 638 560 magis
662 472 746 561 „Maii
775 495 869 538 error
892 472 1092 539 confirmare·

168 585 232 640 tnr.
280 575 501 641 Tzsehuehius
533 578 619 668 enim
648 577 698 641 ihi
729 578 927 643 demonstrat
958 577 1093 641 insulam

75 672 77 677 ¹
168 677 257 761 illam
301 680 387 767 apud
428 679 625 764 Strabonem
647 704 736 763 ¹uon
779 704 848 747 csse
893 681 1092 747 scribendam

166 782 386 870 Taphiusam,
418 807 479 848 nee
513 784 732 871 Taphiadem,
766 784 824 867 sed
856 785 1091 872 Taphiuntem,

128 945 130 948 .
167 895 263 973 atque
274 886 413 974 insuper
427 888 572 952 nominat
587 890 727 977 Taphias
742 889 866 959 insulas
881 898 1091 975 montemque,

167 989 225 1075 qui
244 1014 261 1053 a
280 989 390 1067 Plinio
413 990 469 1055 lih.
490 991 648 1057 xxxvl
672 1015 740 1079 cap.
759 993 818 1056 21.
841 1015 865 1055 s·
887 992 937 1057 59
961 980 1091 1057 vocatur

163 1091 334 1181 Taphias,
371 1119 468 1182 quem
498 1096 542 1160 ait
572 1097 738 1167 commode
772 1119 869 1185 posse
902 1095 1027 1175 referri
1054 1096 1090 1159 ed

161 1196 305 1266 ,insulam
340 1198 509 1286 Taphum‚
547 1224 620 1264 nam
652 1199 698 1264 ita
732 1188 862 1288 quoque
898 1199 1007 1263 insula
1039 1198 1091 1277 illa

167 1303 360 1392 appellatur.
387 1336 420 1353 ν
480 1304 528 1367 At
568 1303 662 1390 quale
703 1305 833 1368 tandem
853 1362 855 1367 .
875 1303 960 1377 illud
1002 1304 1089 1378 iterJl

167 1409 308 1473 Rectum
328 1409 397 1470 fere
416 1431 485 1470 esse
507 1408 710 1472 venientibus
723 1432 763 1471 ex
782 1404 911 1471 oractdo
927 1406 1089 1494 Delphico

168 1513 203 1574 in
224 1511 350 1580 ltaliam
380 1510 459 1573 dicit
487 1500 616 1592 illaius3
645 1533 758 1575 verum
786 1533 852 1572 non
877 1509 989 1574 idest
1013 1509 1089 1573 cius·

166 1614 277 1695 modi,
306 1613 393 1699 quod
419 1613 488 1699 ipse
511 1612 666 1677 describit
688 1611 724 1674 in
743 1610 958 1687 annotatione.
1006 1611 1089 1677 Sane

169 1716 255 1780 enim
279 1715 418 1802 Delphis
450 1712 660 1796 Chalcidem,
688 1713 843 1778 Chalcide
867 1712 903 1775 in
932 1713 1091 1795 Curetas,

167 1819 242 1884 inde
264 1818 304 1881 ad
323 1819 445 1882 insulas
467 1818 650 1895 Echinades
666 1826 698 1880 et
712 1841 773 1904 per
787 1841 874 1881 mare
894 1817 1089 1898 Crotonem,

167 1945 252 2010 quae
276 1922 336 1985 sita
359 1931 406 1989 est
425 1922 510 1984 inter
536 1902 757 2007 promontoria
780 1919 949 1991 Lacinium
973 1930 1007 1983 et
1024 1920 1089 1986 Cri-

167 2027 279 2090 misam
299 2025 338 2087 ad
356 2024 487 2086 tlnvinm
505 2025 666 2087 Aesarnm
683 2034 772 2086 recto
791 2023 907 2089 itinere
925 2023 1090 2120 perveniri

167 2137 295 2219 potest
318 2128 374 2189 sed
393 2126 536 2213 Taphins
556 2126 663 2189 insula
684 2149 749 2188 non
771 2136 818 2188 est
838 2125 924 2189 inter
944 2128 1090 2216 Delphos

168 2242 200 2295 et
221 2229 430 2312 Chalcidem,
467 2229 571 2294 nhi
561 2253 595 2292 ιιι
625 2230 687 2292 hoe
719 2227 848 2293 oraculo
882 2229 1015 2315 positus
1046 2238 1091 2293 cst

167 2334 311 2422 Taphius
322 2379 333 2414 ,
357 2333 507 2420 quonlam
524 2333 630 2420 primo
651 2332 723 2394 loco
742 2331 883 2412 nominat
885 2356 945 2416 nr·
968 2334 1029 2396 sed
1048 2342 1090 2397 cst

166 2439 207 2502 ad
239 2437 422 2500 Leucadem
452 2433 727 2522 promontorium,
762 2456 826 2520 qno
855 2434 883 2497 si
912 2380 1089 2521 hlyseellus

165 2541 257 2629 prins
273 2542 390 2602 missus
405 2547 489 2600 esset
503 2536 660 2622 Delphin,
681 2560 774 2622 quam
790 2524 999 2620 Chalcidem,
1022 2554 1090 2626 pro·¹

165 2645 252 2711 fecto
270 2665 336 2707 non
356 2641 392 2711 in
410 2639 652 2757 sapientissimis
676 2662 748 2701 eum
768 2661 952 2703 numerasse
975 2641 1091 2730 Pythia

115 2779 116 2783 ¹
166 2746 342 2813 videretur.
386 2743 549 2807 Praeterea
574 2740 676 2804 miror
700 2740 822 2804 Maium
842 2764 908 2803 non
932 2744 1091 2808 offensum

168 2874 238 2914 esse
278 2845 471 2936 pronomine
509 2832 618 2920 οὗτος,
662 2868 759 2931 quum
788 2844 979 2960 perfacile
997 2845 1092 2910 fuerit

167 2964 281 3042 poetae
313 2948 456 3014 scrihere
485 2935 610 3036 odana
597 2943 656 3024 μὲν
686 2933 812 3030 Τάφιός
836 2968 889 3011 τοι
916 2934 1092 3035 ἀνήροτος,

167 3078 288 3142 neque,
312 3052 340 3115 si
358 3074 453 3113 unam
467 3057 588 3110 tantum
605 3046 744 3135 aliquam
759 3047 912 3111 maiorem
929 3048 1093 3117 Gramma·

164 3161 263 3231 ‘ticam
302 3153 448 3219 Graecam
488 3150 659 3215 evolvisset
694 3150 825 3230 Maius,
866 3173 940 3215 eum
980 3155 1092 3242 fugere

169 3261 347 3355 potuisset,
382 3256 422 3319 ad
449 3255 510 3317 hoe
542 3264 667 3340 tempus
696 3263 813 3340 praeter
839 3244 894 3321 τόν
921 3243 1094 3323 Ζάκυνθον

171 3367 289 3458 (Hom.
310 3359 372 3424 od.
392 3358 418 3421 Ι.
441 3354 546 3443 alo.)
569 3380 634 3419 non
652 3379 722 3418 esse
742 3356 876 3419 alterum
893 3380 912 3422 a
929 3355 1094 3424 Gramma·

170 3474 243 3537 tieis
265 3472 427 3536 inventum
453 3482 570 3527 nomeu
596 3459 721 3524 insulae
746 3459 915 3531 masculini
942 3463 1094 3549 generis,

97 3601 101 3608 ’
172 3574 259 3666 quod
287 3571 416 3660 quidem
443 3563 634 3632 terminetur
663 3563 787 3652 syllaba
814 3568 850 3642 h}
868 3601 893 3613 ·-
912 3569 973 3642 οῖ),
997 3590 1036 3635 ac
1058 3587 1094 3627 ne

172 3681 261 3758 illam
289 3675 390 3761 ipsam
405 3669 546 3761 quidem
577 3665 650 3732 aliis
685 3667 897 3755 scriptoribus
932 3689 1001 3735 nou
1031 3689 1094 3734 csse
