2288 4208
892 250 973 385 toa

51 486 184 574 primae3
207 476 250 548 ita
268 481 405 548 utlilaro
423 485 559 573 septImo
579 464 677 548 omne¹
693 475 777 545 illut
796 482 921 571 tempus
937 474 980 547 alt
1066 498 1071 507 ’

53 576 184 653 exeiilio
197 586 306 651 Troiae
322 605 426 676 nsque
443 586 482 650 acl
499 587 635 676 primam
650 584 882 705 Olgmpiadem
896 609 980 650 eom·

53 691 282 789 prehendatur.
334 692 446 780 Atque
474 691 541 754 lraae
571 691 725 754 sententia
754 686 919 754 verissima
948 689 979 753 ei

51 780 258 875 videbitur,
258 792 313 881 qui
331 791 488 882 reputant
495 838 505 875 9
527 792 762 857 Diodorum
729 816 833 880 ipsum
854 792 980 856 (luobus

53 905 142 975 certe
166 894 266 978 loeis,
295 894 432 959 fortasse
455 896 576 977 tribus,
604 895 743 977 dixisse,
771 894 851 978 sibi,
882 914 981 981 quum
1015 964 1017 969 s
1105 892 1110 899 ’

52 998 144 1063 nullo
154 992 346 1061 alilt'moslo
340 1006 485 1084 tempora
496 1000 581 1061 inter
593 997 698 1060 Troiae
711 997 981 1084 expugnationem

40 1111 84 1164 -et
104 1101 245 1188 primum
267 1098 496 1186 Olpmpiadem
522 1098 650 1162 dcllniri
674 1099 819 1187 possint,
848 1122 981 1164 neccsse

52 1204 160 1267 fausse-
179 1192 227 1266 ut
243 1204 313 1266 eain
340 1225 409 1265 rem
434 1203 483 1265 uti
503 1201 818 1265 Lacedaemoniorum
846 1203 981 1288 regilius

54 1301 162 1394 (conf.
180 1305 279 1379 nied,
300 1305 356 1368 lib.
374 1305 391 1368 l
410 1323 476 1392 cap.
496 1306 529 1368 5.
550 1343 583 1351 —-
615 1298 695 1392 Cap.
719 1303 761 1367 dc
780 1303 981 1367 Laccdaemo-

54 1395 186 1474 niorun'i
213 1401 369 1494 regilius,
400 1407 485 1495 quod
509 1431 549 1470 ex
571 1411 601 1494 p'.
616 1402 706 1471 'leta
729 1400 849 1471 Euseh.
872 1407 981 1472 elnon.

55 1533 152 1599 supra
169 1530 236 1598 cap.
253 1511 276 1572 ὅ
296 1509 402 1573 retuli.
421 1547 453 1555 —
479 1511 641 1596 Excerpta
662 1509 818 1573 Vaticana
838 1518 980 1574 extrema

23 1616 29 1629 ¹
55 1611 196 1678 lliodori
211 1611 429 1701 adalliudorl'.
446 1636 477 1700 p.
497 1613 577 1676 145.
586 1608 608 1697 )
633 1610 677 1676 'Si
690 1622 794 1675 aretem
808 1622 897 1676 recte
912 1611 982 1676 dixi

55 1715 153 1782 verba
176 1711 249 1798 illa,
272 1739 342 1801 quae
364 1712 525 1777 Eusebius
548 1714 687 1778 servavit
708 1738 740 1801 p.
763 1716 833 1778 166
853 1717 982 1799 chron,

55 1819 87 1884 in
108 1816 300 1908 praefatione
328 1815 405 1880 libri
427 1816 555 1904 septimi
581 1817 685 1903 posita
707 1817 824 1898 luisse,
854 1818 918 1881 iam
939 1841 982 1883 ne

56 1919 200 1987 dubitari
225 1919 354 2008 quidem
381 1942 478 2007 posse
500 1919 649 2011 videtur,
666 1912 762 2007 ¹quin
790 1919 841 1983 his
863 1919 982 1985 linibus

55 2024 141 2091 liber
163 2022 318 2110 septimus
339 2016 440 2085 fuerit
461 2021 733 2117 circumscriptus,
777 2020 846 2086 Sex
867 2023 982 2111 primis

55 2128 157 2216 igitur
168 2124 273 2213 libris
295 2143 347 2188 res
369 2133 473 2210 gestas
494 2134 566 2187 ante
584 2110 692 2187 Troiae
711 2125 983 2212 expugnationem

10 2309 14 2315 ι
56 2208 292 2327 descripserat,
320 2227 409 2292 nulla
430 2228 585 2329 temporis
607 2237 681 2291 nota
703 2229 866 2316 apposita,
895 2229 981 2293 libro

56 2334 192 2422 septimo
206 2354 258 2395 res
272 2339 376 2418 gestas
389 2353 407 2393 a
418 2329 524 2425 Troiae
527 2322 665 2392 excidio
656 2327 832 2425 usquead
845 2330 983 2417 primam

57 2434 285 2526 Olympiadem
300 2432 446 2520 scripsit3
465 2416 556 2496 cuius
572 2412 667 2519 spatii
683 2432 751 2495 duae
768 2441 841 2497 sunt
856 2443 981 2520 partes3

10 2616 13 2623 Ι
55 2540 147 2628 prior
159 2536 303 2601 eontinet
314 2543 440 2621 tempus
454 2535 540 2597 inter
553 2533 683 2597 Troiam
700 2544 822 2622 captam
836 2546 866 2599 ct
879 2537 983 2600 Hera

56 2643 212 2708 clidarum
240 2637 398 2727 reditum,
428 2638 514 2722 qrrod
543 2645 591 2699 est
614 2639 780 2735 octoginta
809 2662 983 2725 annorum3

55 2744 155 2823 tlter'a
178 2746 305 2830 tempus
327 2740 412 2805 inter
433 2734 682 2804 Heracliclarnm
705 2736 843 2805 retlitum
865 2754 896 2805 et
917 2743 983 2830 pri·

10 2884 12 2889 ·
54 2870 136 2914 mam
158 2844 403 2964 Olympiadem,
433 2843 524 2907 cuius
546 2837 665 2930 singuli
687 2845 761 2907 anni
784 2844 885 2909 notati
907 2853 982 2908 sunt

55 2950 146 3015 annis
167 2947 270 3034 regiis
291 2940 607 3037 Lacedaemoniorum
630 2947 847 3010 dinumeratis.
892 2947 984 3010 Reli·

17 3076 25 3085 ·
55 3056 136 3141 lpuos
155 3049 292 3138 triginta
311 3054 377 3131 tres
395 3048 662 3123 libros'olitinent
682 3073 733 3112 res
753 3059 849 3137 gestae
868 3045 943 3113 inde
964 3073 982 3114 a

52 3156 157 3244 prima
167 3150 363 3240 Olympiade
374 3172 475 3236 usquc
488 3151 527 3213 acl
538 3140 740 3216 centesimam
752 3153 982 3239 octogesimam

55 3257 231 3323 secundum
253 3274 352 3340 annos
374 3253 584 3341 Olympiacae
607 3254 758 3342 digestae,
788 3255 841 3318 cui
860 3266 983 3344 tempo·
1078 3294 1085 3308 ·

52 3384 124 3427 ιιιιιι
147 3358 323 3440 notationi,
351 3366 386 3420 ut
408 3357 548 3444 primum
569 3358 640 3421 lieri
662 3359 784 3445 potuit,
810 3360 983 3422 archontes
1027 3382 1038 3401 ⁹
1073 3386 1076 3397 ’

51 3461 305 3528 Atheniensium
333 3459 497 3546 annulique
525 3459 744 3523 Romanorum
775 3461 981 3547 magistratus

50 3572 266 3631 accesserunt.
289 3568 322 3610 έ-
348 3562 438 3648 Ergo
456 3562 561 3648 primo
580 3561 653 3623 loeo
668 3562 702 3624 in
717 3563 885 3648 particulis
902 3561 982 3628 libri

48 3666 181 3746 octavi,
201 3685 271 3754 quae
280 3665 328 3750 ad
341 3664 452 3727 nostra
470 3674 615 3751 tempora
628 3674 865 3752 pervenerunt,
880 3671 981 3762 ¹caput
