2288 4208
128 243 229 349 aa
349 272 380 389 '.

137 482 251 551 'tamen
268 460 334 536 non
350 471 488 556 ‘omncsj
511 462 593 559 quos
614 469 768 560 ιιιιιιείιὶ,
790 469 934 539 nancisci
953 455 1068 559 potus,

145 597 245 662 quum
271 597 384 647 >emero
419 566 553 638 nollemss
587 574 622 637 in
648 573 766 661 quibus
798 574 883 637 mibi
904 564 1070 662 praecipuo

142 676 332 753 nominandi
353 687 428 741 sunt
448 676 614 741 Diodorus
635 675 822 759 Dindorlii3
844 675 912 740 Dio
934 675 1073 745 Cassius,

145 779 292 864 Sturzii,
325 774 482 844 Zonaras
503 780 656 863 Frcsnii,
688 766 866 844 Athenaeus
897 777 1069 864 Schweig-

22 930 24 937 ·
143 883 303 968 hausen,
335 882 496 947 Eusebius
528 881 711 968 Auebcrii3
728 890 733 896 ’
749 881 909 968 Diogenis
930 881 1071 955 'Laertii

143 987 270 1052 nullum
289 985 454 1072 exemplar
477 982 598 1065 habui,
620 985 684 1048 nisi
704 982 960 1050 vindobonense
983 983 1069 1048 illud

143 1089 269 1158 minimi
300 1088 416 1176 pretiis
455 1087 569 1176 quodsi
599 1078 829 1173 Menapianum
860 1087 1066 1172 habuissem,

73 1244 75 1251 ,
142 1191 259 1278 illique
285 1191 368 1255 'mibi
396 1199 514 1277 praesto
542 1189 700 1291 fuissent,
728 1213 792 1253 non
823 1189 954 1268 dublto,
986 1190 1068 1277 quin

77 1300 78 1305 ’
142 1294 242 1361 nnrlta
274 1293 351 1357 inde
374 1289 474 1357 utilia
506 1315 632 1362 sumere
663 1291 848 1381 potuissem.
893 1290 963 1358 Sed
982 1293 1068 1381 cis,

144 1421 227 1497 quac
244 1396 393 1477 aderant,
412 1395 492 1458 mibi
506 1395 660 1483 utepdum
676 1405 745 1460 crat
760 1393 929 1474 subsidiis,
948 1393 1069 1482 quibus

69 1570 71 1581 ¹
143 1500 173 1567 si
194 1523 260 1564 non
277 1499 388 1587 inepte
405 1507 437 1561 et
452 1497 629 1597 infeliciter
649 1520 726 1569 usus
744 1520 816 1567 esse
835 1495 988 1623 videbor,
1005 1499 1069 1563 bro

139 1602 237 1670 laude
257 1612 426 1681 contentus
447 1592 515 1681 ero.

205 1807 306 1896 Quod
330 1818 437 1872 autem
458 1809 500 1873 ad
522 1831 573 1875 res
597 1810 705 1899 ipsas,
729 1807 769 1873 de
791 1807 909 1897 quibus
933 1806 1009 1894 egi,
1031 1818 1068 1873 et

140 1911 182 1983 ad
199 1910 341 1976 'formam
361 1909 479 1978 libelli
490 1913 623 1995 attinet,
645 1935 710 1975 non
728 1912 881 1998 ignoras,
903 1911 1009 1999 primo
1028 1911 1067 1987 in

140 2017 247 2091 animo
266 2013 388 2097 luisse,
411 2002 567 2102 reliquias
585 2013 747 2097 Diodorl‚
771 2037 849 2101 quas
865 2014 972 2079 Maius
991 2037 1064 2102 rep-

139 2117 247 2208 perit,
270 2116 529 2180 annotationibus
556 2117 637 2180 meis
660 2116 835 2180 illustratas
864 2118 982 2203 cdere3
1004 2118 1064 2182 sed

110 2235 122 2248 “’
138 2242 216 2323 mox
243 2218 347 2284 abieci
375 2218 457 2282 illud
486 2218 656 2282 consilium
684 2216 951 2302 difficultatibus,
981 2242 1061 2307 quas

136 2306 300 2423 praecipue
325 2315 484 2384 librorum
507 2320 643 2408 penuria
670 2320 937 2403 commovebat,
937 2332 970 2386 ct
994 2322 1061 2388 diu·

137 2417 291 2488 turaritate
311 2422 455 2504 laborm,
476 2445 558 2510 quae
578 2422 749 2486 manifesta
767 2433 852 2505 crat,
876 2423 1060 2491 deterritus.

118 2524 345 2605 'Praeterea
334 2546 370 2588 ιιι
402 2524 560 2588 eiusmodi
595 2524 690 2589 libris
729 2471 909 2592 seribeirdis
942 2527 1062 2593 multos

135 2627 285 2693 videbam
313 2637 504 2714 occupatos7
526 2638 561 2691 ut
585 2622 768 2716 perleblum
797 2639 899 2705 esset,
920 2652 961 2692 ne
984 2631 1059 2718 quis

71 2765 80 2778 κ
134 2731 238 2816 magis
257 2729 432 2812 festinans,
454 2753 556 2795 meam
575 2754 706 2818 operam
725 2729 873 2795 inutilem
890 2722 1059 2814 redderet,

134 2832 226 2920 prius
255 2832 341 2896 edito
370 2832 505 2916 libello,
533 2833 597 2898 nisi
623 2830 865 2898 accuratissime
889 2835 1058 2901 illustratis

133 2924 306 3022 reliquiis,
337 2935 490 2999 correctis
524 2946 631 3000 tamen
662 2937 857 3024 turpissimis
890 2940 1057 3004 erroribus

66 3071 69 3076 -
132 3034 231 3120 Maii,
252 3037 339 3123 quod
357 3037 451 3101 facile
470 3048 557 3117 erat,
575 3040 649 3101 nam
671 3038 741 3126 ipse
756 3042 791 3102 in
805 3038 926 3104 lectulo
942 3041 1056 3128 legens

66 3206 69 3211 ξ
132 3137 254 3202 librum
278 3140 438 3226 plurimos
472 3138 669 3228 deprehendi
694 3150 726 3203 ct
753 3141 892 3207 correxi.
943 3146 1058 3231 erare

111 3241 195 3307 'boe
230 3241 338 3329 potius
373 3265 476 3329 genus
509 3240 694 3329 scriptionis
728 3243 834 3329 clegi,
865 3254 934 3311 tum
968 3253 1057 3336 quod

108 3360 118 3375 ··
130 3345 271 3434 plurima
282 3343 351 3408 riam
368 3346 402 3408 in
421 3354 571 3434 promptu
591 3330 700 3429 erant2
719 3356 752 3409 et
766 3368 857 3433 poene
875 3348 1055 3436 elaborata,

106 3449 166 3510 'ut
188 3457 311 3512 tuntum
336 3461 480 3512 extrema
507 3471 604 3512 mauu
630 3456 784 3534 egerent,
813 3460 881 3516 tum
910 3453 996 3540 qnod
1018 3456 1056 3522 in

100 3563 169 3615 'eo
192 3574 381 3638 qumquam
396 3573 462 3615 nou
478 3558 598 3640 paucos
617 3552 741 3618 versari
760 3552 926 3637 videbam,
939 3563 1056 3628 tamen-

22 3710 25 3718 .
103 3648 252 3748 *paucos
284 3652 472 3722 admodum·
494 3643 836 3745 aliquid-prestare,
875 3657 1050 3749 panciores
