2288 4208
159 349 318 484 ⁸illd.

194 545 407 635 demonstrat,
431 564 462 617 et
481 550 731 640 Baleclrampins
751 551 829 618 mili
850 551 981 640 quidem
1001 525 1107 614 rectio

193 657 272 719 sinte
292 653 402 740 ῥῆγμα
423 646 616 742 explicuisse
637 656 783 738 videtur,
802 653 995 742 praesertim
1014 659 1105 741 quum

74 769 77 776 '
191 758 382 821 sententiam
407 778 496 820 suam
522 755 668 822 Senecae
695 757 778 820 loco
798 757 925 843 prolato
954 755 1105 819 firmaritr

191 870 240 926 est
280 868 385 922 autem
423 859 492 922 eius
530 858 690 922 annotatio
728 857 911 925 huiusmodi
935 887 945 922 a
971 883 1016 942 „4
1002 856 1106 943 ῥῆγμα

189 962 354 1048 „tudetes
373 958 460 1048 quod
478 981 555 1047 prae
576 938 712 1024 mollitie
731 961 891 1023 sustinere
913 979 982 1022 non
1001 968 1106 1047 posset

188 1073 376 1150 „aspectum
413 1084 545 1144 eorum,
585 1063 661 1151 qui
678 1063 853 1127 fodiebant.
890 1049 965 1148 ζιὴγγ
952 1081 1044 1139 ματα
1077 1064 1104 1125 et

184 1151 392 1243 „dodonaeo
430 1164 543 1228 usitata
578 1165 709 1230 medicis
743 1164 898 1230 vocabula
910 1208 921 1246 ,
954 1164 1020 1234 libr
1021 1166 1104 1227 arum

161 1349 169 1355 „
185 1261 345 1348 ,‚earnis,
372 1290 546 1347 venarum,
576 1268 785 1349 arteriarum,
814 1286 993 1331 nervorum
1024 1267 1103 1330 diru·

158 1364 160 1368 ⁴
185 1370 359 1457 „ptiones,
382 1370 602 1451 alienationes,
624 1369 776 1434 elisiones
791 1368 832 1433 ol)
847 1358 974 1455 lapsum
995 1378 1103 1456 corpo

183 1471 261 1555 „ris
293 1493 333 1535 ex
362 1469 447 1552 alto,
476 1472 600 1535 incussa
635 1494 717 1558 quae
748 1465 858 1558 gravia
887 1480 983 1547 sunt,
1012 1471 1100 1536 vete-

181 1584 332 1657 „mcntes
347 1583 477 1637 conatus
493 1572 646 1655 saltandi,
665 1596 763 1636 onera
780 1571 945 1659 gestandi,
965 1570 1100 1636 feriendi

181 1684 243 1761 „ct
264 1677 326 1741 alia
352 1675 543 1740 huiusmodi
586 1675 671 1739 Fit
664 1676 778 1764 saepius
803 1675 855 1738 llic
876 1675 1013 1740 morbus
1034 1697 1100 1738 cum

179 1780 333 1866 „ingenti
370 1763 493 1843 dolore
538 1776 664 1843 Seneca
690 1802 716 1842 e
743 1779 791 1842 25
821 1768 893 1840 lib.
905 1779 929 1841 2
957 1778 1001 1842 de
1029 1778 1096 1856 Ira,

177 1881 394 1965 „Ilissolutus
422 1879 547 1946 deliciis
575 1881 666 1943 euius
693 1879 776 1944 latus
802 1880 909 1943 alieno
937 1879 1099 1958 dolore‚‘'‘
1134 1870 1136 1879 ¹

178 1982 352 2070 (scribitur
369 1982 452 2070 apud
462 1981 736 2067 'Dalechampium
751 1976 877 2066 labore)
893 1983 1096 2062 „condoluit

177 2085 427 2174 „Mindyridem
455 2084 543 2148 siunt
571 2083 673 2146 fuisse
701 2107 741 2147 ex
771 2082 1002 2170 Sybaritarum
1028 2083 1096 2151 civi·

175 2197 288 2270 „tate,
305 2187 361 2276 qui
377 2210 452 2279 eum¹
462 2186 594 2252 vidisset
612 2185 787 2249 fodientem
802 2196 833 2249 et
849 2187 945 2250 altius
961 2173 1095 2252 rastrum

173 2336 196 2375 „
205 2289 411 2372 allevantem,
429 2289 549 2352 lassum
569 2309 603 2350 se
620 2287 691 2369 ficri
712 2296 861 2374 questus,
882 2290 990 2354 vetuit
1009 2291 1094 2355 illum

173 2414 285 2479 „opus
308 2392 342 2456 in
364 2400 537 2477 conspeetu
563 2412 621 2452 suo
647 2390 755 2452 faeere
781 2390 871 2461 eto‘s‘
893 2391 947 2455 Ae
971 2394 1002 2456 si
1025 2415 1092 2459 vcra

172 2503 258 2557 esset
292 2493 476 2560 Casaulroni
506 2480 663 2556 sententiir
675 2538 686 2573 ,
715 2492 783 2556 sire
809 2491 1004 2578 Diodorus,
1032 2496 1092 2560 sire

171 2595 222 2674 is,
244 2595 301 2681 qui
320 2595 495 2658 sententias
513 2594 683 2681 exscripsit
697 2615 715 2655 e
730 2592 869 2656 Diodori
887 2594 1092 2662 Bibliotheca

157 2705 224 2758 'aut
246 2695 523 2783 negligentissime
539 2695 644 2786 locum
666 2694 907 2781 descripsisset,
930 2711 989 2764 aut
1007 2722 1091 2766 secus

168 2794 384 2881 intellexisset
404 2797 635 2878 narrationem,
657 2819 755 2883 quom
774 2797 825 2877 id,
846 2798 881 2860 in
905 2822 976 2886 quo
993 2803 1090 2868 omnis

168 2899 354 2964 (lasauboni
372 2900 548 2970 sententiae
565 2901 614 2963 vis
631 2900 783 2981 vertitur,
800 2900 834 2963 in
852 2900 904 2965 liis
923 2904 1091 2970 sententiis

167 3024 207 3065 ne
203 3003 387 3113 seriptum
409 3003 538 3091 quidem
557 3002 619 3066 sit·
610 3001 780 3088 ,legimus
801 3002 887 3066 enim
918 2997 975 3071 ὅτι
1004 3016 1090 3078 θεα-

165 3090 306 3180 adsessos·
326 3093 405 3219 τγῦς
431 3092 566 3191 ἐργάτας
592 3051 779 3223 eilpcpoig¹
757 3095 807 3189 cip
831 3094 1008 3191 ῥήγματα,
1029 3134 1089 3176 „02

163 3195 216 3270 ὅτι
244 3195 449 3284 aerodianos
475 3228 555 3279 τους
584 3197 720 3293 ἐργάτας
750 3196 996 3292 ὀρύττοντας
1026 3217 1088 3282 sive

162 3295 234 3373 σκοῖ
241 3330 470 3382 πτοντιις.ψ
498 3308 644 3373 Alteram
665 3307 881 3375 narrationem
897 3335 969 3381 non
989 3319 1089 3383 solum

113 3470 115 3474 .
160 3410 246 3498 apud
267 3412 479 3494 Athenarum,
502 3413 560 3475 sed
586 3412 681 3475 etiam
706 3412 791 3499 apud
815 3413 1069 3491 Plutarchum
1058 3444 1087 3487 ιι

72 3589 74 3594 ¹
158 3512 224 3577 rita
238 3513 418 3601 Pelopidae
432 3538 498 3601 cup.
514 3516 533 3577 l
550 3513 740 3579 invenimus,
762 3514 971 3603 Byzantinus
987 3535 1086 3590 auten

156 3614 251 3680 huius
275 3617 434 3703 epitomae
462 3614 602 3703 scriptor
629 3615 770 3681 Diodori
799 3618 898 3684 verba
927 3623 998 3692 hoe
1017 3629 1084 3693 loco

154 3716 252 3783 nonis
271 3717 444 3785 invertisse
463 3716 607 3803 videtur,
629 3738 702 3784 nam
721 3729 756 3784 ut
776 3741 863 3785 nune
881 3746 919 3788 sc
938 3724 1081 3810 habent,
