2288 4208
112 249 193 370 170

109 496 239 579 „dubio
266 517 373 562 sermo
398 509 445 562 est
463 499 503 562 de
527 499 642 563 vestali
665 499 757 563 Rhea
784 497 912 588 Sylvia,
930 511 1023 566 matre

110 598 307 682 „Romuli.“
322 599 418 666 Sane.
432 599 499 664 Sed
513 601 600 687 quod
612 602 646 665 in
662 602 771 665 tabula
785 602 1021 689 chronologica,

111 726 207 790 quam
229 703 369 767 Diodori
394 702 543 790 reliquiis
571 704 710 785 addidit,
732 705 814 767 hanc
840 707 1023 771 seutentiam

39 884 41 888 Ι
109 829 191 869 anuo
211 807 257 870 to
276 814 348 869 ante
366 806 488 870 Urlrcm
505 807 665 871 conditam
682 807 808 888 tribuit,
826 807 860 870 id
878 808 1024 895 equidem

108 932 173 975 non
196 908 409 992 laudaverim3
440 933 630 997 quamquam
652 911 714 973 lroc
735 909 865 997 quidem
885 908 1023 973 laudabi-

108 1010 173 1073 lius
199 1033 270 1074 essc
297 1010 443 1093 videtur,
473 1004 566 1098 quam
595 1013 682 1099 quod
706 1012 878 1099 Bipoutini
902 1013 934 1076 ei
958 1036 1022 1100 par·

108 1112 244 1196 riculae,
268 1137 348 1201 quac
368 1115 450 1183 hanc
469 1112 606 1201 excipit,
629 1138 710 1202 quaa
732 1124 779 1178 est
797 1106 850 1180 ὅτι
868 1110 1021 1179 ἐκτεθέν-

106 1237 169 1281 των
193 1253 224 1266 -
249 1211 296 1290 εἰς
320 1205 379 1291 οὓς
393 1203 612 1301 προστάξαιεν
631 1205 753 1292 τόπους
774 1214 964 1303 (Excerptt.
986 1217 1020 1279 de

107 1309 195 1393 dicta.
220 1329 252 1381 et
274 1321 342 1383 vitt.
370 1318 519 1382 Wcssel.
548 1315 819 1405 p.'5t7T.11.)
849 1318 1020 1405 adscripse-

107 1432 182 1490 runt
211 1421 344 1510 Olymp.
376 1422 403 1486 l.
429 1423 452 1484 2
476 1422 528 1487 vel
555 1424 627 1486 775
654 1446 681 1486 a.
710 1421 768 1485 Clr.
797 1444 845 1484 m·
879 1422 950 1485 Hic
978 1431 1021 1485 est

108 1527 194 1588 enim
227 1548 345 1605 annuus,
381 1549 445 1612 quo
479 1523 584 1589 Silvia
619 1523 764 1613 Vestalis
795 1526 879 1586 facta
910 1534 960 1587 est
984 1523 1020 1587 ab

105 1626 256 1708 Amulio,
280 1651 376 1713 quum
399 1626 505 1690 Maius
528 1647 663 1708 aunum,
686 1649 749 1712 quo
773 1651 791 1689 a
812 1627 919 1691 Marte
944 1647 1021 1688 oom-

105 1753 216 1820 pressa
235 1729 349 1810 fertur,
373 1738 426 1790 aut
444 1753 507 1815 quo
523 1726 670 1814 geminos
682 1727 827 1814 qrcperit,
847 1726 1020 1814 scripserit.
1064 1762 1067 1813 Ξ

105 1831 252 1917 Namque
280 1829 474 1917 Dionysius,
504 1853 640 1917 quocum
667 1831 736 1891 sere
763 1829 926 1892 consentit
949 1829 1021 1893 Dio·

106 1934 222 2015 dorus,
248 1933 307 1997 lib.
332 1932 349 1996 l
377 1956 443 2018 cap.
468 1934 513 1995 79
544 1931 685 1995 eFalrio
714 1940 822 1996 narrat
848 1931 1021 1994 Romulum

104 2036 307 2124 Remumque
333 2035 510 2099 octodecim
535 2056 634 2097 annos
659 2044 750 2097 natos
775 2034 894 2115 luisse,
927 2056 1021 2122 quum

104 2136 238 2204 Amulio
265 2137 435 2201 interfecto
459 2135 662 2201 Numitorem
690 2137 724 2200 in
750 2159 887 2221 regnum
917 2133 1020 2200 Albae

103 2239 236 2327 Longae
266 2241 490 2304 restituerent:
532 2240 684 2302 Tarutius
717 2238 877 2320 Varroni,
914 2249 952 2303 ut
982 2238 1022 2304 ait

103 2332 298 2406 Plutarchus
320 2343 451 2409 Romul.
476 2367 544 2430 oap.
569 2342 631 2423 12,
653 2364 790 2421 annum,
814 2363 878 2427 quo
903 2341 1022 2407 Romu-

103 2445 171 2511 lum
191 2456 292 2508 mater
309 2455 400 2508 utero
420 2445 616 2532 conceperit,
639 2467 708 2518 csse
726 2444 872 2531 prodidit
890 2443 1022 2533 Olymp.

102 2546 148 2612 Il.
171 2549 203 2629 l,
226 2547 310 2610 uude
328 2547 355 2610 si
374 2571 446 2616 cum
463 2543 614 2610 Varrone
632 2546 753 2610 Urbem
773 2545 937 2610 conditam
956 2569 1022 2612 esse

105 2647 237 2736 Olymp.
261 2650 295 2713 6.
314 2651 337 2713 5
363 2659 442 2712 extr.
463 2649 645 2730 statuimus,
668 2649 737 2711 lere
757 2647 843 2710 idcm
867 2648 1023 2712 efficitur:

104 2750 308 2820 consentiunt
338 2750 431 2813 ctiam
461 2749 600 2816 Ovidius
626 2751 725 2812 Fastt.
752 2748 807 2812 lil.
829 2749 891 2818 111.
913 2775 944 2820 v.
966 2752 1022 2815 59.

103 2850 169 2922 Dio
200 2851 289 2916 Cass.
317 2853 402 2947 apud
425 2853 574 2915 Tzctzem
600 2851 639 2914 ad
662 2852 823 2940 Lycoplrr.
851 2851 1022 2918 Cassandr.

104 2977 136 3042 p.
162 2956 249 3034 158,
279 2952 352 3017 alii:
379 2965 544 3040 praetcrea
568 2953 746 3041 Dionysius
771 2952 918 3041 Sylviam
941 2979 1023 3020 anno

106 3066 238 3145 quarto,
265 3065 433 3143 postquam
456 3055 599 3118 Vestalis
627 3057 710 3118 sacta
740 3065 841 3136 esset,
866 3078 1025 3145 compres-

106 3182 172 3221 sam
192 3181 260 3220 essc
280 3158 392 3221 scrilrit
410 3158 465 3228 lib.
487 3158 589 3250 lcap.
612 3159 668 3221 77.
701 3156 770 3224 Sed
778 3158 889 3221 ,multo
909 3161 1024 3246 proba·

105 3259 204 3326 bilius
230 3282 301 3322 esse
326 3260 593 3348 vidctu1·,ncque
617 3261 698 3328 haue
722 3270 862 3329 nostram
886 3264 1024 3348 particu-

105 3362 187 3443 lam,
210 3384 314 3451 neque
339 3361 445 3443 illam,
469 3371 613 3448 quaeest
633 3361 666 3425 in
686 3362 851 3451 Excerptt.
875 3363 914 3428 dc
936 3365 1023 3434 virtt.

107 3473 139 3528 ct
158 3463 224 3530 virt.
245 3463 312 3529 suis
335 3465 442 3554 armis,
464 3462 486 3526 i.
506 3487 532 3527 c.
549 3486 587 3525 eo
607 3487 689 3526 anno
709 3486 772 3550 quo
793 3465 885 3527 Rhea
908 3465 1024 3555 Sylvia

106 3567 250 3640 Vestalis
272 3567 354 3630 facta
376 3577 442 3648 cst,
465 3566 518 3630 vcl
537 3589 618 3649 anno
645 3567 693 3634 25
712 3575 785 3629 ante
807 3566 929 3631 Urbem
951 3593 1024 3634 con.

108 3669 222 3750 diram,
251 3680 284 3732 ct
309 3692 347 3733 co
374 3691 474 3750 anno,
505 3691 569 3756 quo
600 3668 744 3756 geminos
770 3679 881 3758 partus
907 3672 1023 3755 edidit,
