2288 4208
166 291 265 389 sto

179 497 407 588 reliquiarum,
428 525 508 592 quas
522 510 692 591 excerptas
707 498 888 588 legationes
904 507 938 566 et
950 506 1112 588 eucarpta¹

179 601 220 668 de
236 605 413 671 uirtutibus
434 605 573 670 etvitiis
593 605 767 694 appellant.

179 750 183 758 ·
219 705 331 797 Atque
346 732 408 795 ego
423 709 553 796 quidem
569 709 598 773 si
615 708 694 796 quid
708 707 861 771 lectorem
878 701 1107 789 smditumliu·

176 810 442 899 telligentemeprc
467 812 608 877 offendat
632 812 667 876 in
690 810 835 897 scripto,
862 807 930 874 sive
943 802 1040 887 *illud
1063 804 1106 881 δὴ,

175 937 294 978 nomen
312 915 464 1003 aliquod,
491 915 560 997 siue
586 915 723 994 factum„
753 913 842 1001 quod
864 910 921 980 clii
944 908 1103 976 tributum

175 1016 338 1102 videatur,
361 1042 456 1106 quam
474 1020 528 1084 oui
544 1017 645 1083 tribui
665 1018 765 1098 solet,
784 1017 854 1081 sive
873 1014 979 1078 omnis
998 1010 1102 1077 series

176 1122 405 1205 enarrationis,
427 1144 498 1211 quae
515 1131 588 1188 dnm
606 1121 700 1185 serie·
711 1129 837 1186 aetatium
852 1120 1100 1204 temporumque

173 1247 356 1314 congruere
376 1249 443 1291 non
464 1226 627 1306 videatur,
650 1224 718 1289 sive
741 1220 887 1313 denique·
903 1220 1020 1308 quavis
1040 1218 1099 1285 ulit

172 1352 209 1394 re
224 1352 317 1394 usum
335 1337 368 1394 et
382 1328 548 1415 vulgarem
563 1326 765 1413 disciplinam
782 1325 937 1391 offensam
954 1344 1029 1387 esse
1044 1342 1099 1411 pu-¹

171 1442 295 1514 temus,
323 1431 463 1518 primum
490 1429 663 1494 cavendam
690 1450 760 1495 esse
786 1449 920 1509 censeo,
953 1449 997 1491 ne
1020 1425 1097 1514 qnid

73 1544 78 1551 '
171 1545 293 1599 temere
317 1543 479 1616 mutetur,
506 1542 574 1599 tum
599 1533 687 1597 omni
711 1555 787 1595 eura
809 1528 1096 1613 considerandum,

169 1659 310 1724 numqua
328 1637 453 1700 ratione
471 1637 684 1724 discrepantia
704 1636 762 1700 illa
779 1618 852 1701 tolli
871 1633 975 1720 possit
998 1618 1098 1720 expli·

171 1742 273 1805 cando
284 1786 295 1823 ,
323 1740 463 1827 denique
485 1740 513 1803 si
534 1742 595 1804 hoc
616 1740 688 1805 fieri
708 1747 775 1805 'non
794 1746 917 1826 potest,
940 1730 1095 1803 facillim

168 1844 250 1908 ratio
271 1843 456 1907 mutationis
473 1844 683 1929 excogitanda
702 1852 768 1925 ost,
790 1865 856 1931 non
874 1863 928 1921 ee,
950 1839 1094 1928 quesiti
1134 1904 1136 1917 ,

168 1947 256 2012 docti
276 1955 371 2033 atque
393 1945 630 2031 intelligentes,
652 1945 741 2032 qnod
762 1945 882 2009 abusu
904 1944 1097 2032 scriptoris,
1134 2008 1136 2017 ,

166 2047 220 2118 vol
233 2073 251 2113 a
264 2072 354 2116 more
368 2048 575 2124 librationum
588 2046 756 2131 abhorret,
774 2047 989 2111 offendantur.
1014 2046 1093 2131 sec·
1133 2030 1136 2109 l

137 2228 140 2241 Ι
165 2161 201 2217 nt
213 2153 256 2243 'sd
270 2152 304 2224 id
310 2161 523 2234 coronemur,
541 2149 627 2215 unde
640 2151 785 2237 degressi
798 2172 922 2232 suiuus,
941 2149 1097 2215 [luenna-

164 2277 220 2319 rus
234 2255 396 2320 oraculum
410 2254 492 2326 illud
506 2253 540 2316 in
553 2254 744 2319 Perdiccam
758 2262 994 2321 conventurum
1009 2276 1096 2349 csse„

164 2357 193 2421 si
209 2357 350 2445 priscum
369 2380 443 2427 eum
461 2379 570 2442 regom
588 2355 786 2421 llIeeedoniae
808 2361 995 2425 numeraret
1011 2355 1096 2429 llio.

163 2458 278 2542 dorus,
300 2459 374 2523 ideo
398 2458 518 2523 dixisse
540 2460 688 2541 videtur,
715 2459 893 2546 quodcum
909 2457 1001 2524 llInio
1025 2482 1090 2525 non

161 2559 341 2644 intellexit,
364 2584 429 2649 quo
446 2570 540 2653 pacto
554 2546 729 2631 Perdiccas
745 2570 818 2625 ante
832 2561 1011 2627 Romulum
1025 2564 1089 2629 col·

159 2659 284 2725 locatus
304 2685 376 2726 esse
393 2663 514 2750 possit,
536 2689 633 2752 quum
649 2662 718 2728 eius
733 2664 828 2750 regni
845 2664 975 2731 initium
986 2666 1090 2732 Euse-

159 2760 234 2828 liius
260 2788 343 2829 anno
365 2766 483 2830 XVIII
509 2768 760 2854 Romuli'regis
784 2767 956 2833 adscribat.
1012 2770 1088 2837 Hos

159 2867 320 2954 quomodo
345 2868 571 2956 explicandum
581 2870 658 2952 usit,
686 2892 747 2961 ego
777 2892 876 2957 supra=
901 2870 963 2934 iam
994 2873 1085 2961 quasi
1122 2908 1126 2923 ·

156 2969 345 3057 praeteriens
366 2970 452 3053 dixi,
480 2970 535 3034 sed
558 2995 644 3037 nunc
666 2972 815 3036 consulto
841 2982 873 3037 et
892 2973 1085 3060 elugillatim

157 3069 329 3137 dicendum
351 3084 407 3139 cst.
451 3073 617 3139 Diodorus
640 3075 726 3140 enim
748 3074 967 3158 alimenti,
995 3080 1083 3168 qnod

154 3171 328 3238 Perdiccas
342 3176 475 3264 accepit,
493 3177 648 3260 meminit,
666 3201 731 3244 non
744 3176 847 3242 solum
862 3178 901 3243 de
914 3180 1084 3248 Perdices

154 3296 257 3362 regno
279 3286 374 3364 atque
396 3287 485 3343 aetate
506 3279 675 3362 disseruit,
702 3279 760 3342 sed
782 3303 908 3345 omnem
930 3286 1083 3365 vetustio-

152 3398 222 3441 rem
240 3378 333 3465 regni
348 3380 550 3445 llIacedonici
571 3381 737 3445 historiam
757 3381 934 3468 aCarano,
956 3385 979 3450 i.
995 3411 1023 3452 e.
1040 3388 1079 3454 ah

151 3480 244 3566 regni
262 3481 448 3568 primordiis
468 3506 570 3570 usque
589 3483 629 3546 ad
649 3484 838 3571 Philippum
853 3486 886 3570 1,
908 3487 943 3550 ni
962 3488 1078 3574 fallor,

149 3579 293 3648 lareviter
310 3585 510 3671 perstrinxit.
538 3584 621 3654 Tres
638 3585 739 3672 igitur
758 3587 823 3652 illae
839 3589 1009 3675 particulae
1022 3593 1077 3658 uni

130 3703 235 3749 =anno
257 3686 341 3775 opud
363 3687 546 3752 Diodorum
566 3685 755 3752 tribuendae.
798 3687 869 3754 Sed
890 3690 945 3756 cui
965 3694 1076 3760 ennol
