2288 4208
953 291 1037 417 ¹⁰1¹·

106 495 199 582 qood
220 497 328 586 primo
350 495 457 565 silvio
481 500 687 564 tribuendum
710 507 803 578 orat,
831 497 871 561 de
892 518 958 585 quo
981 498 1037 573 vix

105 601 205 664 linem
224 600 348 664 fenerat
365 599 504 666 alinandi.
546 604 750 691 Neqnejluae
771 598 972 686 negligentla
991 599 1038 667 its

105 700 368 787 excusari‘posse
382 704 529 787 videtur,
551 716 587 769 ut
601 705 743 770 dieamus
758 704 798 768 alr
815 700 955 784 ovidio,
977 701 1035 789 qul
1076 737 1080 745 ·

103 802 255 891 reliquos
276 826 387 868 omnes
410 830 504 892 reges
527 807 675 870 Albanos
698 808 750 871 liis
766 803 795 892 ²)
820 804 1035 884 euiimerarit,

103 907 191 971 huno
205 903 353 970 Aeneam
367 907 509 974 Silvium
524 934 590 973 non
608 933 679 974 esse
691 910 902 974 nominatum.
940 907 1033 973 Nihil

103 1009 194 1073 onim
217 1006 301 1072 illud
324 1010 365 1074 ad
389 1035 476 1092 rem,
502 1036 601 1100 quos,
629 1024 747 1100 quotve
769 1034 864 1096 reges
885 1010 1033 1074 Albanos

105 1110 248 1177 Ovidius
266 1112 479 1196 enumerarit,
501 1138 607 1202 neque
626 1115 723 1198 illud,
746 1113 954 1179 omiserintne
977 1111 1033 1176 ali-

104 1224 186 1301 quot
200 1225 328 1279 veteres
345 1215 492 1281 historici
507 1221 651 1283 Aeneam
666 1217 825 1300 Silvium,
842 1215 899 1280 sed
914 1216 976 1279 lroe
992 1214 1033 1279 atl

105 1340 193 1398 rem,
216 1339 299 1404 quos
314 1318 376 1383 lroo
393 1319 466 1384 loeo
480 1319 662 1408 Virgilius,
683 1344 766 1408 quos
782 1319 919 1385 Servius
936 1340 1033 1403 reges

104 1419 299 1504 nominarit,
323 1421 378 1507 (fui
393 1445 491 1508 quum
510 1423 661 1488 omnibns
674 1423 793 1488 litteris
805 1421 952 1486 Aeneam
966 1418 1033 1485 Sil·

104 1522 194 1588 vium
213 1523 422 1610 sumpserint,
443 1527 528 1589 lratul
550 1526 684 1591 (lulium
703 1527 849 1608 videtur,
870 1521 1033 1614 quinnisi

102 1614 229 1711 ingenti
248 1623 385 1690 Servius
405 1626 468 1695 luit
487 1629 702 1715 negligentia,
726 1652 834 1694 errare
855 1651 921 1692 non
939 1634 1032 1717 potu·

104 1730 177 1793 erit.
222 1727 403 1810 Proeterea,
426 1731 503 1816 quid
525 1731 722 1819 Virgilium,
744 1732 779 1795 si
801 1728 912 1796 Servii
933 1729 1032 1793 inter-
1125 1731 1127 1734 ’

102 1830 318 1921 pretationem
331 1832 560 1916 reiecerimus,
582 1835 648 1899 illis
664 1835 773 1902 verbis
795 1832 864 1917 „Si
881 1855 1032 1918 umquam

102 1922 330 2019 „regnandam
347 1936 509 2022 aeeeperit
521 1935 667 2000 Albam“
690 1937 874 2023 significare
887 1922 1032 2000 voluisse

102 2037 273 2103 ‹lieemus‘l
302 2059 343 2099 an
364 2037 469 2124 ipsum
491 2038 526 2102 in
548 2040 794 2104 eodem¹errore
816 2038 934 2117 luisse,
965 2058 1032 2123 quo

101 2138 256 2207 Servium
274 2139 380 2202 teneri
397 2140 614 2224 arbitramur?
652 2143 762 2207 Possit
778 2164 872 2222 sane,
895 2139 1032 2227 opinor,

100 2243 161 2306 lroe
176 2240 275 2304 alieni
289 2240 324 2304 in
339 2253 477 2305 mentem
490 2244 619 2326 venire,
630 2255 673 2335 ¹ut
684 2244 728 2306 ita
744 2243 928 2331 opinionem
939 2242 1033 2310 illam,

101 2341 264 2433 lesendat.
295 2343 345 2408 At
359 2367 453 2430 qnam
467 2344 592 2432 inepte!
624 2345 805 2432 Virgilium
823 2367 949 2408 errasse
963 2367 1030 2407 nou

101 2445 134 2511 in
149 2444 257 2512 ‚rebus
275 2446 502 2512 vetustissimis
522 2448 760 2535 reeouditaeque
778 2447 950 2527 doetrinae,
971 2447 1030 2511 sed

89 2572 178 2636 ,quas
202 2547 409 2630 Alexander,
438 2548 540 2614 Sullae
560 2549 716 2632 libertus,
746 2551 913 2635 sexaginta
936 2550 1030 2613 annis

99 2662 171 2715 arto
186 2650 397 2732 confecisset,
420 2642 490 2716 sive
505 2651 613 2738 potius
628 2652 800 2717 ementitus
815 2660 910 2735 esset.
943 2651 1028 2738 Quis

99 2751 313 2818 lioeeredot‘l
348 2752 388 2817 si
406 2758 512 2818 autem
524 2751 716 2817 Alexandro
736 2754 893 2837 vetustior
909 2764 959 2817 est
972 2779 1030 2818 nu·

100 2877 206 2919 merus
227 2853 287 2919 ille
305 2855 538 2942 quinquaginta
559 2855 658 2919 trium
676 2878 851 2936 antrorum,
873 2879 983 2919 nonne
1000 2857 1029 2920 is
1064 2860 1068 2893 ³

102 2944 179 3023 inus
194 2967 320 3021 tontmn
335 2957 397 3020 fuit
412 2981 452 3021 ex
468 2958 594 3044 integra
611 2958 747 3045 quadam
760 2959 845 3022 serie
860 2981 1029 3038 annornm,

103 3050 178 3147 qnos
201 3060 301 3124 certis
324 3059 515 3146 quibusdum
538 3060 670 3146 regibus
692 3059 832 3127 Albanis
854 3059 1029 3147 antiquitas

103 3163 285 3228 triliuerat‘l
336 3161 428 3249 Quid
456 3161 557 3248 igitur
585 3159 776 3225 Alexandro
802 3185 885 3228 nova
915 3185 1036 3250 regum

105 3264 205 3330 ulula
224 3288 306 3352 opus
326 3266 419 3328 erat‘l
442 3301 475 3309 -
515 3263 743 3351 Suffragarem
761 3288 837 3329 sane
855 3265 1029 3331 Niebuhrii

106 3367 264 3433 sententiaa
286 3365 414 3436 numeri
435 3365 505 3448 illi,
528 3388 609 3454 quos
631 3365 667 3430 in
689 3365 894 3432 annotatione
917 3367 1029 3432 Servii

107 3514 304 3540 'w

88 3674 91 3679 Ι
148 3607 178 3669 2)
196 3609 373 3680 Metamorph.
394 3608 438 3663 lib.
458 3607 537 3661 XIV.
555 3622 579 3659 a.
599 3606 660 3659 609
677 3623 711 3660 ao,
733 3615 761 3660 et
778 3609 850 3666 llast,
867 3607 913 3661 tit».
932 3607 984 3661 IV.
1003 3626 1027 3658 v.

146 3692 186 3746 δῖ
205 3712 279 3765 seqq.
