2288 4208
907 311 989 390 117
1027 341 1029 346 ¹

57 512 180 580 oblitus
202 512 398 581 Maiestam
422 517 457 583 iu
478 517 648 584 undecima
670 519 877 586 annotatione
897 518 938 586 ad
956 544 989 610 p.

61 617 134 681 169
153 617 291 682 Eusebii
310 618 535 684 chronicorum
553 619 697 709 scripsit,
720 619 903 687 Diodorum
915 623 989 686 ¹ior·
1061 691 1063 695 ,

56 720 145 784 tasse
158 731 214 783 aut
227 721 415 810 Dexippum
433 721 682 810 intelligendum.
698 745 785 805 esse,
806 746 906 810 quum
924 724 990 790 Eu-

57 823 170 887 sebius
197 822 334 888 dicereta
383 827 468 890 Tum
489 829 608 912 paucis
631 827 836 913 interpositis
860 824 990 908 subdit,

56 932 126 991 tum
141 924 179 988 in
193 926 253 990 bae
266 920 351 1014 ipsa,
375 944 475 1015 matrs
484 950 581 1016 supra
594 930 708 1016 posui,
729 928 931 993 annotatione
948 929 991 995 ad

56 1026 243 1092 Diodorum
262 1028 338 1094 binc
356 1026 484 1094 demum
502 1054 581 1113 uos,
602 1031 663 1112 ait,
686 1040 774 1113 certo
792 1052 991 1117 cognoscere

56 1136 129 1195 totu
150 1129 211 1195 illo
229 1132 353 1220 eapite,
376 1132 465 1221 quod
483 1144 532 1197 est
549 1134 591 1197 de
606 1133 820 1199 Macedonum
836 1132 990 1219 regibus,
1011 1184 1017 1192 ,

56 1231 239 1298 Eusebium
251 1233 407 1299 bistorico
420 1237 468 1299 uti
480 1236 639 1301 [liodoro.
659 1235 736 1300 Hoc
748 1233 836 1299 enim
850 1235 902 1301 vel
916 1247 991 1301 ante

56 1335 116 1401 bas
132 1334 274 1400 Diodori
291 1334 448 1425 reliquias
466 1337 615 1403 inventas
637 1337 769 1413 dubium
790 1335 990 1405 incertumve

58 1450 133 1508 esse
157 1459 225 1521 non
251 1448 397 1528 poterat,
419 1450 526 1528 'quum
550 1437 714 1504 Eusebius
741 1438 811 1526 ipse
838 1437 990 1518 dixisset,

58 1564 124 1631 quo
137 1547 435 1607 auetore‘uteretur.
452 1578 484 1591 ·-
507 1542 547 1608 si
560 1536 665 1607 autem
675 1542 837 1629 Eusebius
847 1541 991 1608 Diodori

56 1640 157 1709 verba
172 1644 237 1707 boc
252 1643 327 1707 loeo
341 1644 467 1732 posuit,
490 1655 522 1709 et
538 1668 593 1729 ea,
615 1669 686 1733 quae
700 1645 734 1708 iu
749 1644 899 1731 reliquiis
910 1645 990 1711 llio·

57 1744 133 1812 dori
144 1744 313 1811 Vaticanis
328 1745 527 1835 reperimus,
549 1746 711 1822 simillima
725 1756 799 1810 suut
811 1746 990 1812 Diodoreis

31 1845 34 1850 ’
56 1848 145 1933 illis,
167 1870 239 1937 quae
260 1861 336 1914 sunt
356 1851 441 1938 apud
458 1850 657 1933 Eusebium,
680 1848 831 1938 equidem
852 1873 919 1915 non
940 1848 989 1913 in·

56 1952 194 2039 telligit,
216 1974 280 2040 quo
294 1963 389 2040 pacto
402 1976 521 2040 negare
538 1946 699 2041 possimus
715 1952 880 2021 oraculum
895 1951 990 2036 illud,

56 2054 148 2145 quod
169 2053 331 2118 Eusebius
351 2055 574 2144 praetermisit,
602 2078 673 2119 esse
694 2055 728 2118 id
750 2054 874 2143 ipsum,
896 2053 989 2121 cuius

55 2156 159 2223 verba
171 2155 208 2222 in
220 2156 370 2244 reliquiis
383 2156 552 2222 Vaticanis
566 2156 783 2222 inveniuntur.
805 2155 896 2221 Fieri
911 2143 988 2222 sane

54 2268 184 2350 potest,
204 2268 242 2322 ut
255 2257 382 2324 Carano
399 2260 522 2323 editum
539 2281 608 2322 esse
626 2257 709 2323 illud
727 2255 908 2342 oraculum,
930 2260 989 2326 alii

54 2360 153 2429 multi
167 2360 380 2444 tradiderint,
402 2361 450 2425 uti
468 2359 638 2425 tradidisse
655 2359 798 2426 videmus
813 2360 987 2444 lustinum,

56 2465 115 2531 aed
132 2446 303 2528 Diodorus
320 2464 384 2528 boe
401 2463 493 2546 loeo,
514 2462 571 2527 ubi
594 2463 633 2526 de
654 2486 757 2549 regno
774 2462 987 2530 Macedonico

56 2574 218 2642 aGarano
230 2574 404 2638 constituto
418 2584 450 2637 et
464 2575 505 2638 de
518 2570 632 2661 primis
641 2571 842 2639 Macedoniae
855 2573 988 2660 regibus

56 2684 224 2776 loquitur,
245 2685 307 2750 b'oc
323 2707 388 2749 non
404 2684 498 2749 dixit.
534 2682 695 2748 Eusebius
713 2683 815 2772 errim,
837 2685 895 2750 ubi
908 2685 991 2751 Dio·

57 2797 133 2863 dori
147 2794 250 2882 verba
267 2795 403 2885 repetit,
425 2818 490 2858 non
508 2795 696 2882 profitetur,
718 2817 753 2859 se
774 2805 848 2883 post
867 2794 989 2860 Caraui

55 2898 256 2973 mentionem
276 2906 420 2996 quaedam
440 2905 605 2987 omittere,
629 2906 717 2992 quod
733 2915 839 2970 tamen
856 2905 935 2969 facit
953 2905 990 2969 in

56 2991 229 3101 Perdicca,
245 3017 398 3107 quodque
410 3013 488 3099 fecit
501 3015 536 3081 iu
549 3015 658 3081 verbis
671 3016 711 3079 de
725 3039 827 3102 reguo
836 3014 989 3104 Assyrio,

59 3153 130 3219 quae
151 3151 171 3194 e
190 3116 332 3223 Diodori
352 3124 559 3192 Bibliotheca
580 3125 767 3215 desumpsit.
811 3126 924 3215 ltaque
946 3150 990 3191 ne

57 3262 171 3307 errore
194 3224 325 3328 quidem
344 3237 536 3302 Perdiccam
562 3236 596 3300 in
618 3237 711 3333 libro
726 3236 888 3303 Vaticano
912 3238 991 3302 scri·

58 3362 150 3440 ptum
165 3373 237 3440 esse
247 3373 312 3441 pro
328 3346 456 3414 Carano
473 3347 608 3412 credere
621 3372 801 3436 possumus,
819 3374 889 3437 quae
903 3348 991 3412 Due·

58 3458 153 3532 bucri
181 3461 294 3548 opinio
326 3469 481 3548 praeterea
511 3458 599 3524 omni
628 3470 715 3522 earet
744 3459 992 3552 probabilitate,

58 3575 198 3663 alterum
228 3570 315 3636 euim
344 3569 528 3656 exemplum
555 3568 635 3632 milri
661 3569 805 3632 ostendat
833 3565 992 3634 eiusmodi

57 3684 183 3765 erroris
193 3682 249 3751 vel
259 3681 295 3748 in
304 3679 473 3748 Vaticanis
484 3678 646 3768 reliquiis,
656 3678 709 3744 vel
721 3677 756 3745 in
767 3679 834 3746 illis
845 3680 994 3772 partibus
