2288 4208
134 314 218 396 tet
553 410 568 415 Α,
759 377 769 415 ,

126 521 305 610 „manibus
318 522 488 605 involutis,
503 503 746 609 processissent.
767 522 881 610 ltaque
895 538 1048 610 suspenso

125 627 331 711 „certamine
353 650 412 714 per
435 624 633 713 colloquium
653 625 826 713 inquisito,
850 625 1047 714 quiessent,

124 729 275 817 „quidve
304 737 467 817 peterent,
502 739 614 816 utpote
643 728 698 816 qui
725 730 759 792 in
786 729 1049 820 horscons'ilinm

42 847 45 855 '
70 893 75 902 ,
125 833 342 917 „auctoritate
359 833 525 897 numinum
543 832 735 919 cogebatur,
756 853 894 919 namque
914 831 997 896 extis
1016 855 1049 896 aa

123 982 147 1022 „
155 935 285 999 somniis
307 931 390 1024 saep‘e
411 935 595 1026 admonitus*
612 919 697 1017 erat,
719 935 871 998 tutiorem
889 956 924 997 se
941 933 1052 1001 adver·

122 1062 224 1124 „sum
240 1039 348 1102 hostes
366 1039 456 1121 fore,
479 1039 507 1102 si
526 1038 632 1126 copias
652 1061 723 1100 suas
740 1060 812 1101 eum
828 1037 962 1102 advenis
977 1060 1047 1102 eon·

122 1139 319 1224 „iunxisset
359 1139 506 1228 Cumque
525 1139 745 1226 cognovisset,
766 1138 914 1203 Aeneam
933 1149 966 1203 et
979 1141 1046 1210 Αιι.

121 1288 144 1327 „
153 1243 275 1325 chisen,
289 1242 376 1306 hello
388 1242 492 1329 patria
504 1243 701 1329 pulsos'eum
714 1241 1044 1306 sirnulaeri‘sDeornm

120 1392 144 1430 „
153 1357 307 1426 errantes,
322 1344 429 1407 sedem
443 1366 598 1430 quaerere,
613 1343 784 1407 amicitiam
797 1344 919 1408 foedere
935 1345 1043 1434 inisse,

120 1448 224 1533 „dato
245 1446 384 1509 invicem
404 1445 628 1529 iureiurando,
654 1456 689 1509 ut
710 1469 894 1510 communes
916 1470 1044 1535 quoque
1064 1484 1080 1499 ·-

79 1610 81 1614 ,
119 1552 259 1636 „hostes
274 1549 431 1615 amicoste
443 1549 608 1615 haberent.
631 1551 744 1637 ltaque
757 1547 892 1637 coeptum
904 1573 924 1622 a
936 1551 1042 1616 Troia·
1078 1580 1080 1633 ς

119 1651 200 1737 „nis
214 1651 334 1716 muniri
347 1652 470 1736 locum,
486 1660 584 1741 ‘quem
595 1652 725 1721 Aeneas
739 1675 778 1722 ex
791 1651 920 1716 nomine
934 1654 1041 1719 uxoris

119 1779 231 1843 „suae,
253 1755 361 1821 Latini
378 1757 465 1844 regis
482 1757 566 1839 filia,
590 1779 660 1844 quae
681 1756 743 1818 iam
759 1764 832 1818 ante
852 1741 1040 1844 desponsata

118 1860 260 1944 „Turno
277 1845 446 1923 Herdonio
464 1860 587 1942 fuerat,
609 1856 780 1923 Lauinium
793 1858 1038 1944 cognominavit.

117 1963 193 2045 „At
208 1985 285 2028 vero
297 1964 444 2025 Amatam
454 1959 563 2025 Latini
576 1960 663 2046 regis
674 1982 808 2022 uxorem
823 1983 896 2024 cum
906 1961 1039 2050 indigna

115 2065 269 2148 „ferrct,
297 2063 483 2146 Lavinium,
510 2063 678 2151 repudiato
700 2062 814 2126 Turno
845 2064 1039 2147 consobrine

114 2212 140 2250 „
148 2190 222 2249 suo,
234 2166 377 2230 Troiano
391 2166 518 2231 advenae
531 2164 729 2245 collocatam,
743 2165 891 2228 Turnum
903 2167 945 2228 ad
957 2191 1038 2232 mma

115 2269 378 2355 „concitavisse3
413 2291 549 2355 cumque
577 2289 674 2348 mox,
704 2276 814 2329 coacto
840 2254 1037 2334 Rutulorum

114 2417 137 2455 „
146 2371 307 2455 exercitu,
329 2371 504 2435 tetendisse
521 2369 555 2432 in
573 2371 685 2455 ugrum
701 2368 914 2453 Laurentem,
939 2372 1037 2436 etad.

113 2497 256 2557 „versus
275 2496 347 2536 eum
366 2472 517 2536 Latinum
533 2473 655 2558 pariter
673 2494 744 2532 cum
757 2467 871 2535 Aenea
888 2496 1037 2561 progres-

112 2599 213 2658 „sum
229 2577 313 2640 inter
326 2575 510 2662 proeliantes
524 2572 777 2638 circumventum
792 2573 1038 2664 occisumque.“

111 2678 278 2742 Hactenus
302 2677 435 2743 Catonis
458 2687 505 2740 est
526 2675 685 2757 narratio,
715 2673 811 2741 sicuti
837 2699 907 2742 cam
931 2678 1033 2744 libelii

110 2779 200 2844 iltius
215 2762 498 2868 se1·iptorret111it;
515 2778 640 2865 reliqua
652 2777 776 2871 Lutatii
791 2801 863 2842 esse
876 2779 1032 2847 videntur.

114 2918 148 2930 —-
175 2883 247 2947 Hos
269 2895 373 2947 autem
395 2892 461 2945 tres
483 2880 574 2945 locos
599 2880 740 2967 collegi,
769 2890 805 2944 ut
829 2884 1032 2970 perspicuum

110 2994 211 3067 esset,
230 3009 294 3048 non
309 2966 374 3048 uiro
389 2983 485 3047 modo
500 2984 556 3047 lias
572 3006 624 3046 res
640 2982 674 3046 in
691 2982 824 3056 Catonis
840 2971 1032 3071 Originibus

108 3092 252 3151 narratas
277 3087 395 3169 fuisse,
426 3085 510 3174 qnod
536 3086 578 3168 ii,
608 3085 665 3172 qui
692 3080 865 3150 Niebuhrii
892 3089 1032 3154 historie

108 3190 264 3262 Romanae
280 3190 453 3255 uoluminis
471 3188 567 3277 primi
585 3187 736 3274 paginam
754 3189 828 3252 214
847 3199 880 3251 et
899 3213 1030 3280 sequen·
1049 3220 1054 3245 ι

106 3303 172 3357 tem
193 3292 350 3379 legerint,
374 3291 507 3355 eredere
525 3290 651 3379 possint
670 3288 752 3352 falsa
772 3291 880 3377 specie
898 3292 1031 3359 inducti.

111 3432 143 3442 -
165 3397 205 3459 ln
218 3395 358 3482 ipsa'illa
373 3382 573 3475 narratione,
591 3415 686 3479 quam
696 3393 895 3458 Niebuhrius
909 3397 1028 3480 retulit,

104 3498 227 3586 nuptiis
245 3497 312 3562 illis
329 3509 404 3586 post
420 3496 527 3562 Latini
544 3495 661 3560 caedem
677 3518 758 3583 opus
777 3519 848 3560 esse
866 3521 934 3562 non
951 3499 1027 3564 arbi·
1078 3499 1080 3523 ²

103 3611 193 3684 nor,
214 3625 321 3692 neque
340 3602 425 3666 enim
441 3601 614 3687 quiequam
627 3597 754 3662 obstare
771 3600 895 3681 video,
907 3600 1026 3691 quomi-

103 3725 164 3774 atu
186 3727 259 3772 uou⁴
274 3727 328 3788 ea,
351 3727 421 3796 quae
442 3725 527 3770 nune
549 3701 699 3792 cuiquam
724 3701 810 3770 sorte
831 3702 868 3770 in
889 3713 1025 3802 mentem
